0.0,0.0,1.665,26.6,1751550124219
0.0,0.0,1.665,26.6,1751550124285
0.0,0.0,1.665,26.6,1751550124352
0.0,0.0,1.675,26.6,1751550124436
0.0,0.0,1.675,26.6,1751550124506
0.0,0.0,1.696,26.6,1751550124569
0.0,0.0,1.696,26.6,1751550124635
0.0,0.0,1.717,26.6,1751550124702
0.0,0.0,1.737,26.6,1751550124785
0.0,0.0,1.748,26.6,1751550124852
0.0,0.0,1.769,26.6,1751550124919
0.0,0.0,1.769,26.6,1751550125054
0.0,0.0,1.769,26.6,1751550125076
0.0,0.0,1.79,26.6,1751550125122
0.0,0.0,1.779,26.6,1751550125202
0.0,0.0,1.8,26.6,1751550125268
0.0,0.0,1.821,26.6,1751550125335
0.0,0.0,1.821,26.6,1751550125402
0.0,0.0,1.821,26.6,1751550125487
0.0,0.0,1.821,26.6,1751550125552
0.0,0.0,1.821,26.6,1751550125618
0.0,0.0,1.81,26.6,1751550125685
0.0,0.0,1.8,26.6,1751550125752
0.0,0.0,1.81,26.6,1751550125835
0.0,0.0,1.81,26.6,1751550125901
0.0,0.0,1.81,26.6,1751550125968
0.0,0.0,1.81,26.6,1751550126035
0.0,0.0,1.79,26.6,1751550126102
0.0,0.0,1.769,26.6,1751550126185
0.0,0.0,1.779,26.6,1751550126268
0.0,0.0,1.769,26.6,1751550126322
0.0,0.0,1.769,26.6,1751550126384
0.0,0.0,1.769,26.6,1751550126451
0.0,0.0,1.769,27.0,1751550126535
0.0,0.0,1.779,27.0,1751550126602
0.0,0.0,1.769,27.0,1751550126669
0.0,0.0,1.769,27.0,1751550126736
0.0,0.0,1.769,27.0,1751550126801
0.0,0.0,1.769,27.0,1751550126868
0.0,0.0,1.779,27.0,1751550126951
0.0,0.0,1.79,27.0,1751550127018
0.0,0.0,1.8,27.0,1751550127085
0.0,0.0,1.8,27.0,1751550127190
0.0,0.0,1.81,27.0,1751550127235
0.0,0.0,1.831,27.0,1751550127302
0.0,0.0,1.831,27.0,1751550127372
0.0,0.0,1.831,27.0,1751550127435
0.0,0.0,1.831,27.0,1751550127501
0.0,0.0,1.831,27.0,1751550127585
0.0,0.0,1.842,27.0,1751550127651
0.0,0.0,1.842,27.0,1751550127718
0.0,0.0,1.842,27.0,1751550127785
0.0,0.0,1.842,27.0,1751550127856
0.0,0.0,1.831,27.0,1751550128003
0.0,0.0,1.831,27.0,1751550128184
0.0,0.0,1.821,27.0,1751550128224
0.0,0.0,1.821,27.0,1751550128251
0.0,0.0,1.81,27.0,1751550128334
0.0,0.0,1.81,27.0,1751550128374
0.0,0.0,1.8,27.0,1751550128451
0.0,0.0,1.79,27.0,1751550128584
0.0,0.0,1.779,27.0,1751550128617
0.0,0.0,1.779,27.0,1751550128657
0.0,0.0,1.779,27.0,1751550128750
0.0,0.0,1.779,27.0,1751550128791
0.0,0.0,1.779,27.0,1751550128835
0.0,0.0,1.779,27.0,1751550128901
0.0,0.0,1.779,27.0,1751550128984
0.0,0.0,1.779,27.0,1751550129051
0.0,0.0,1.779,27.0,1751550129117
0.0,0.0,1.758,27.0,1751550129184
0.0,0.0,1.758,27.0,1751550129256
0.0,0.0,1.758,27.0,1751550129334
0.0,0.0,1.769,27.0,1751550129401
0.0,0.0,1.769,27.2,1751550129467
0.0,0.0,1.769,27.2,1751550129537
0.0,0.0,1.769,27.2,1751550129601
0.0,0.0,1.79,27.2,1751550129684
0.0,0.0,1.8,27.2,1751550129750
0.0,0.0,1.81,27.2,1751550129818
0.0,0.0,1.821,27.2,1751550129884
0.0,0.0,1.821,27.2,1751550129951
0.0,0.0,1.831,27.2,1751550130034
0.0,0.0,1.842,27.2,1751550130101
0.0,0.0,1.842,27.2,1751550130167
0.0,0.0,1.842,27.2,1751550130236
0.0,0.0,1.842,27.2,1751550130301
0.0,0.0,1.831,27.2,1751550130384
0.0,0.0,1.831,27.2,1751550130450
0.0,0.0,1.821,27.2,1751550130517
0.0,0.0,1.79,27.2,1751550130584
0.0,0.0,1.779,27.2,1751550130652
0.0,0.0,1.769,27.2,1751550130720
0.0,0.0,1.758,27.2,1751550130801
0.0,0.0,1.748,27.2,1751550130867
0.0,0.0,1.737,27.2,1751550130934
0.0,0.0,1.737,27.2,1751550131000
0.0,0.0,1.737,27.2,1751550131084
0.0,0.0,1.748,27.2,1751550131151
0.0,0.0,1.748,27.2,1751550131219
0.0,0.0,1.748,27.2,1751550131283
0.0,0.0,1.748,27.2,1751550131366
0.0,0.0,1.748,27.2,1751550131434
0.0,0.0,1.737,27.2,1751550131502
0.0,0.0,1.758,27.2,1751550131568
0.0,0.0,1.769,27.2,1751550131636
0.0,0.0,1.769,27.2,1751550131703
0.0,0.0,1.779,27.2,1751550131769
0.0,0.0,1.779,27.2,1751550131851
0.0,0.0,1.779,27.2,1751550131921
0.0,0.0,1.779,27.2,1751550131985
0.0,0.0,1.779,27.2,1751550132054
0.0,0.0,1.779,27.2,1751550132121
0.0,0.0,1.79,27.2,1751550132204
0.0,0.0,1.8,27.2,1751550132269
0.0,0.0,1.81,27.2,1751550132337
0.0,0.0,1.821,27.2,1751550132393
0.0,0.0,1.821,27.4,1751550132467
0.0,0.0,1.821,27.4,1751550132550
0.0,0.0,1.831,27.4,1751550132619
0.0,0.0,1.831,27.4,1751550132684
0.0,0.0,1.831,27.4,1751550132754
0.0,0.0,1.821,27.4,1751550132821
0.0,0.0,1.821,27.4,1751550132900
0.0,0.0,1.81,27.4,1751550132966
0.0,0.0,1.8,27.4,1751550133033
0.0,0.0,1.79,27.4,1751550133100
0.0,0.0,1.779,27.4,1751550133185
0.0,0.0,1.769,27.4,1751550133250
0.0,0.0,1.758,27.4,1751550133316
0.0,0.0,1.748,27.4,1751550133383
0.0,0.0,1.748,27.4,1751550133450
0.0,0.0,1.737,27.4,1751550133534
0.0,0.0,1.737,27.4,1751550133599
0.0,0.0,1.737,27.4,1751550133668
0.0,0.0,1.737,27.4,1751550133733
0.0,0.0,1.737,27.4,1751550133799
0.0,0.0,1.737,27.4,1751550133883
0.0,0.0,1.748,27.4,1751550133949
0.0,0.0,1.737,27.4,1751550134016
0.0,0.0,1.748,27.4,1751550134101
0.0,0.0,1.748,27.4,1751550134474
0.0,0.0,1.758,27.4,1751550134475
0.0,0.0,1.748,27.4,1751550134477
0.0,0.0,1.748,27.4,1751550134477
0.0,0.0,1.748,27.4,1751550134479
0.0,0.0,1.748,27.4,1751550134479
0.0,0.0,1.748,27.4,1751550134516
0.0,0.0,1.727,27.4,1751550134613
0.0,0.0,1.737,27.4,1751550134671
0.0,0.0,1.727,27.4,1751550134755
0.0,0.0,1.727,27.4,1751550134801
0.0,0.0,1.727,27.4,1751550134883
0.0,0.0,1.727,27.4,1751550134956
0.0,0.0,1.717,27.4,1751550135016
0.0,0.0,1.717,27.4,1751550135078
0.0,0.0,1.717,27.4,1751550135163
0.0,0.0,1.717,27.4,1751550135227
0.0,0.0,1.727,27.4,1751550135287
0.0,0.0,1.727,27.4,1751550135357
0.0,0.0,1.737,27.6,1751550135475
0.0,0.0,1.737,27.6,1751550135513
0.0,0.0,1.737,27.6,1751550135568
0.0,0.0,4.027,27.2,1751550275743
0.0,0.0,4.006,27.2,1751550275776
0.0,0.0,4.006,27.2,1751550275819
0.0,0.0,4.006,27.2,1751550275842
0.0,0.0,4.006,27.2,1751550275897
0.0,0.0,4.006,27.2,1751550275958
0.0,0.0,4.006,27.2,1751550276025
0.0,0.0,4.006,27.2,1751550276109
0.0,0.0,4.006,27.2,1751550276181
0.0,0.0,4.006,27.2,1751550276241
0.0,0.0,4.006,27.2,1751550276308
0.0,0.0,3.996,27.2,1751550276375
0.0,0.0,3.996,27.2,1751550276459
0.0,0.0,3.996,27.2,1751550276525
0.0,0.0,3.996,27.2,1751550276592
0.0,0.0,3.996,27.2,1751550276658
0.0,0.0,3.996,27.2,1751550276725
0.0,0.0,3.996,27.2,1751550276809
0.0,0.0,3.996,27.6,1751550276875
0.0,0.0,3.996,27.6,1751550276944
0.0,0.0,4.006,27.6,1751550277009
0.0,0.0,4.006,27.6,1751550277076
0.0,0.0,4.006,27.6,1751550277159
0.0,0.0,4.006,27.6,1751550277229
0.0,0.0,4.006,27.6,1751550277292
0.0,0.0,4.006,27.6,1751550277359
0.0,0.0,4.006,27.6,1751550277425
0.0,0.0,4.017,27.6,1751550277509
0.0,0.0,4.017,27.6,1751550277575
0.0,0.0,4.017,27.6,1751550277642
0.0,0.0,4.017,27.6,1751550277708
0.0,0.0,4.017,27.6,1751550277776
0.0,0.0,4.006,27.6,1751550277858
0.0,0.0,4.006,27.6,1751550277925
0.0,0.0,4.006,27.6,1751550277992
0.0,0.0,4.006,27.6,1751550278058
0.0,0.0,4.006,27.6,1751550278126
0.0,0.0,4.006,27.6,1751550278208
0.0,0.0,3.996,27.6,1751550278276
0.0,0.0,3.996,27.6,1751550278342
0.0,0.0,3.996,27.6,1751550278425
0.0,0.0,4.006,27.6,1751550278483
0.0,0.0,4.006,27.6,1751550278559
0.0,0.0,4.006,27.6,1751550278626
0.0,0.0,4.006,27.6,1751550278694
0.0,0.0,4.006,27.6,1751550278760
0.0,0.0,4.006,27.6,1751550278827
0.0,0.0,4.006,27.6,1751550278909
0.0,0.0,4.017,27.6,1751550278976
0.0,0.0,4.017,27.6,1751550279043
0.0,0.0,4.017,27.6,1751550279109
0.0,0.0,4.027,27.6,1751550279182
0.0,0.0,4.037,27.6,1751550279259
0.0,0.0,4.048,27.6,1751550279326
0.0,0.0,4.048,27.6,1751550279392
0.0,0.0,4.048,27.6,1751550279459
0.0,0.0,4.048,27.6,1751550279526
0.0,0.0,4.048,27.6,1751550279609
0.0,0.0,4.048,27.6,1751550279692
0.0,0.0,4.048,27.6,1751550279750
0.0,0.0,4.048,27.6,1751550279810
0.0,0.0,4.048,27.6,1751550279877
0.0,0.0,4.037,27.8,1751550279975
0.0,0.0,4.027,27.8,1751550280034
0.0,0.0,4.027,27.8,1751550280093
0.0,0.0,4.017,27.8,1751550280163
0.0,0.0,4.027,27.8,1751550280227
0.0,0.0,4.027,27.8,1751550280309
0.0,0.0,4.017,27.8,1751550280378
0.0,0.0,4.017,27.8,1751550280444
0.0,0.0,4.017,27.8,1751550280510
0.0,0.0,4.006,27.8,1751550280578
0.0,0.0,4.006,27.8,1751550280658
0.0,0.0,4.017,27.8,1751550280726
0.0,0.0,4.017,27.8,1751550280786
0.0,0.0,4.017,27.8,1751550280859
0.0,0.0,4.017,27.8,1751550280926
31.70974349975586,-97.18631744384766,4.017,27.8,1751550281000
0.0,0.0,4.017,27.8,1751550281225
0.0,0.0,4.017,27.8,1751550281285
0.0,0.0,4.027,27.8,1751550281443
0.0,0.0,4.027,27.8,1751550281500
0.0,0.0,4.037,27.8,1751550281742
0.0,0.0,4.089,27.8,1751550281789
0.0,0.0,4.089,27.8,1751550281812
0.0,0.0,4.1,27.8,1751550281860
0.0,0.0,4.131,27.8,1751550281883
0.0,0.0,4.131,27.8,1751550281931
0.0,0.0,4.131,27.8,1751550281994
0.0,0.0,4.141,27.8,1751550282142
0.0,0.0,4.141,27.8,1751550282206
0.0,0.0,4.131,27.8,1751550282279
0.0,0.0,4.121,27.8,1751550282319
0.0,0.0,4.131,27.8,1751550282401
0.0,0.0,4.089,27.8,1751550282529
0.0,0.0,4.048,27.8,1751550282560
0.0,0.0,4.058,27.8,1751550282706
0.0,0.0,4.048,27.8,1751550282752
0.0,0.0,3.985,27.8,1751550282775
0.0,0.0,3.985,27.8,1751550282838
0.0,0.0,3.996,27.8,1751550282885
0.0,0.0,3.975,27.8,1751550282959
31.709747314453125,-97.18631744384766,3.965,27.8,1751550283000
0.0,0.0,3.965,27.8,1751550283028
0.0,0.0,3.965,27.8,1751550283109
0.0,0.0,3.965,27.8,1751550283184
0.0,0.0,3.954,27.8,1751550283261
0.0,0.0,3.965,27.8,1751550283319
0.0,0.0,3.975,27.8,1751550283377
0.0,0.0,3.965,27.8,1751550283458
0.0,0.0,3.944,27.8,1751550283529
0.0,0.0,3.975,27.8,1751550283595
0.0,0.0,3.965,27.8,1751550283662
0.0,0.0,3.944,27.8,1751550283729
0.0,0.0,3.933,27.8,1751550283808
0.0,0.0,3.954,27.8,1751550283892
0.0,0.0,3.913,27.8,1751550283975
31.709749221801758,-97.18631744384766,3.913,27.8,1751550284000
0.0,0.0,3.913,27.8,1751550284058
0.0,0.0,3.902,27.8,1751550284129
0.0,0.0,3.881,27.8,1751550284225
0.0,0.0,3.881,27.8,1751550284297
0.0,0.0,3.881,27.8,1751550284444
0.0,0.0,3.861,27.8,1751550284475
0.0,0.0,3.871,27.8,1751550284575
0.0,0.0,3.871,27.8,1751550284691
0.0,0.0,3.871,27.8,1751550284809
0.0,0.0,3.871,27.8,1751550284941
31.709749221801758,-97.18630981445312,3.85,27.8,1751550285000
0.0,0.0,3.85,27.8,1751550285042
0.0,0.0,3.84,27.8,1751550285158
0.0,0.0,3.85,27.8,1751550285291
0.0,0.0,3.84,27.8,1751550285424
0.0,0.0,3.84,27.8,1751550285459
0.0,0.0,3.829,27.8,1751550285510
0.0,0.0,3.84,27.8,1751550285592
0.0,0.0,3.829,27.8,1751550285654
0.0,0.0,3.808,27.8,1751550285675
0.0,0.0,3.798,27.8,1751550285758
0.0,0.0,3.788,27.8,1751550285820
0.0,0.0,3.788,27.8,1751550285841
0.0,0.0,3.788,28.0,1751550285893
0.0,0.0,3.777,28.0,1751550285918
0.0,0.0,3.756,28.0,1751550285973
0.0,0.0,3.746,28.0,1751550285996
31.709749221801758,-97.18630981445312,3.746,28.0,1751550286000
0.0,0.0,3.746,28.0,1751550286048
0.0,0.0,3.736,28.0,1751550286076
0.0,0.0,3.736,28.0,1751550286129
0.0,0.0,3.715,28.0,1751550286185
0.0,0.0,3.715,28.0,1751550286246
0.0,0.0,3.725,28.0,1751550286425
0.0,0.0,3.715,28.0,1751550286495
0.0,0.0,3.715,28.0,1751550286591
0.0,0.0,3.704,28.0,1751550286665
0.0,0.0,3.704,28.0,1751550286758
0.0,0.0,3.704,28.0,1751550286858
0.0,0.0,3.704,28.0,1751550286933
0.0,0.0,3.694,28.0,1751550286975
31.709749221801758,-97.18630981445312,3.694,28.0,1751550287000
0.0,0.0,3.673,28.0,1751550287035
0.0,0.0,3.663,28.0,1751550287057
0.0,0.0,3.663,28.0,1751550287124
0.0,0.0,3.663,28.0,1751550287147
0.0,0.0,3.652,28.0,1751550287216
0.0,0.0,3.642,28.0,1751550287240
0.0,0.0,3.621,28.0,1751550287302
0.0,0.0,3.6,28.0,1751550287458
0.0,0.0,3.59,28.0,1751550287534
0.0,0.0,3.58,28.0,1751550287575
0.0,0.0,3.58,28.0,1751550287659
0.0,0.0,3.569,28.0,1751550287733
0.0,0.0,3.559,28.0,1751550287875
0.0,0.0,3.569,28.0,1751550287958
31.70975112915039,-97.18630981445312,3.569,28.0,1751550288000
0.0,0.0,3.548,28.0,1751550288092
0.0,0.0,3.527,28.0,1751550288208
0.0,0.0,3.527,28.0,1751550288324
0.0,0.0,3.517,28.0,1751550288491
0.0,0.0,3.517,28.0,1751550288584
0.0,0.0,3.507,28.0,1751550288709
0.0,0.0,3.496,28.0,1751550288875
0.0,0.0,3.496,28.2,1751550288909
0.0,0.0,3.486,28.2,1751550289225
0.0,0.0,3.486,28.2,1751550289625
0.0,0.0,3.455,28.2,1751550290659
0.0,0.0,3.444,28.2,1751550290874
0.0,0.0,3.423,28.2,1751550290974
31.709753036499023,-97.18630981445312,3.423,28.2,1751550291000
0.0,0.0,3.413,28.2,1751550291308
0.0,0.0,3.392,28.2,1751550291725
0.0,0.0,3.371,28.2,1751550291859
0.0,0.0,3.34,28.2,1751550291939
0.0,0.0,3.33,28.2,1751550291974
31.709754943847656,-97.18630981445312,3.33,28.2,1751550292000
31.709754943847656,-97.18630981445312,3.33,28.2,1751550292000
0.0,0.0,3.309,28.2,1751550292039
0.0,0.0,3.288,28.2,1751550292063
0.0,0.0,3.278,28.2,1751550292134
0.0,0.0,3.246,28.2,1751550292160
0.0,0.0,3.246,28.6,1751550292233
0.0,0.0,3.236,28.6,1751550292281
0.0,0.0,3.236,28.6,1751550292303
0.0,0.0,3.215,28.6,1751550292389
0.0,0.0,3.205,28.6,1751550292468
0.0,0.0,3.205,28.6,1751550292554
0.0,0.0,3.194,28.6,1751550292592
0.0,0.0,3.184,28.6,1751550292677
0.0,0.0,3.174,28.6,1751550292751
0.0,0.0,3.163,28.6,1751550292859
0.0,0.0,3.153,28.6,1751550292959
31.70975685119629,-97.18630981445312,3.132,28.6,1751550293000
0.0,0.0,3.132,28.6,1751550293034
0.0,0.0,3.111,28.6,1751550293108
0.0,0.0,3.09,28.6,1751550293208
0.0,0.0,3.08,28.6,1751550293287
0.0,0.0,3.059,28.6,1751550293324
0.0,0.0,3.049,28.6,1751550293500
0.0,0.0,3.028,28.6,1751550293525
0.0,0.0,3.018,28.6,1751550293668
0.0,0.0,3.007,28.6,1751550293692
0.0,0.0,2.997,28.6,1751550293755
0.0,0.0,2.976,28.6,1751550293777
0.0,0.0,2.965,28.6,1751550293840
0.0,0.0,2.955,28.6,1751550293864
0.0,0.0,2.955,28.6,1751550293927
0.0,0.0,2.945,28.6,1751550293950
31.709758758544922,-97.18630981445312,2.945,28.6,1751550294000
0.0,0.0,2.934,28.6,1751550294059
0.0,0.0,2.924,28.6,1751550294208
0.0,0.0,2.924,28.6,1751550294309
0.0,0.0,2.913,28.6,1751550294471
0.0,0.0,2.893,28.6,1751550294508
0.0,0.0,2.893,28.6,1751550294573
0.0,0.0,2.882,28.6,1751550294597
0.0,0.0,2.882,28.6,1751550294661
0.0,0.0,2.861,28.6,1751550294684
0.0,0.0,2.851,28.6,1751550294747
0.0,0.0,2.851,28.6,1751550294770
0.0,0.0,2.841,28.6,1751550294832
0.0,0.0,2.83,28.6,1751550294855
0.0,0.0,2.841,28.8,1751550294920
0.0,0.0,2.83,28.8,1751550294946
31.709762573242188,-97.1863021850586,2.82,28.8,1751550295000
0.0,0.0,2.82,28.8,1751550295010
0.0,0.0,2.809,28.8,1751550295032
0.0,0.0,2.789,28.8,1751550295102
0.0,0.0,2.789,28.8,1751550295127
0.0,0.0,2.778,28.8,1751550295205
0.0,0.0,2.778,28.8,1751550295231
0.0,0.0,2.757,28.8,1751550295299
0.0,0.0,2.747,28.8,1751550295401
0.0,0.0,2.747,28.8,1751550295464
0.0,0.0,2.747,28.8,1751550295488
0.0,0.0,2.726,28.8,1751550295550
0.0,0.0,2.705,28.8,1751550295572
0.0,0.0,2.705,28.8,1751550295635
0.0,0.0,2.705,28.8,1751550295659
0.0,0.0,2.705,28.8,1751550295744
0.0,0.0,2.685,28.8,1751550295842
0.0,0.0,2.664,28.8,1751550295942
31.70976448059082,-97.18629455566406,2.674,28.8,1751550296000
0.0,0.0,2.674,28.8,1751550296042
0.0,0.0,2.664,28.8,1751550296074
0.0,0.0,2.653,28.8,1751550296145
0.0,0.0,2.632,28.8,1751550296178
0.0,0.0,2.632,28.8,1751550296263
0.0,0.0,2.622,28.8,1751550296425
0.0,0.0,2.622,28.8,1751550296458
0.0,0.0,2.612,28.8,1751550296520
0.0,0.0,2.591,28.8,1751550296543
0.0,0.0,2.57,28.8,1751550296605
0.0,0.0,2.57,28.8,1751550296629
0.0,0.0,2.56,28.8,1751550296691
0.0,0.0,2.539,28.8,1751550296755
0.0,0.0,2.518,28.8,1751550296824
0.0,0.0,2.518,28.8,1751550296892
0.0,0.0,2.508,28.8,1751550296961
31.709774017333984,-97.18629455566406,2.508,28.8,1751550297000
0.0,0.0,2.508,28.8,1751550297034
0.0,0.0,2.497,28.8,1751550297107
0.0,0.0,2.487,28.8,1751550297187
0.0,0.0,2.487,28.8,1751550297243
0.0,0.0,2.476,28.8,1751550297313
0.0,0.0,2.466,28.8,1751550297454
0.0,0.0,2.476,28.8,1751550297526
0.0,0.0,2.466,28.8,1751550297557
0.0,0.0,2.466,28.8,1751550297619
0.0,0.0,2.466,28.8,1751550297642
0.0,0.0,2.445,28.8,1751550297726
0.0,0.0,2.445,28.8,1751550297794
0.0,0.0,2.435,28.8,1751550297867
0.0,0.0,2.424,28.8,1751550297941
0.0,0.0,2.414,28.8,1751550298007
0.0,0.0,2.414,28.8,1751550298073
0.0,0.0,2.393,28.8,1751550298154
0.0,0.0,2.393,28.8,1751550298245
0.0,0.0,2.372,28.8,1751550298275
0.0,0.0,2.362,28.8,1751550298444
0.0,0.0,2.372,28.8,1751550298498
0.0,0.0,2.351,28.8,1751550298540
0.0,0.0,2.341,28.8,1751550298624
0.0,0.0,2.341,28.8,1751550298658
0.0,0.0,2.331,28.8,1751550298721
0.0,0.0,2.32,28.8,1751550298824
0.0,0.0,2.32,28.8,1751550298925
0.0,0.0,2.31,28.8,1751550298957
31.709829330444336,-97.18628692626953,2.32,28.8,1751550299000
0.0,0.0,2.32,28.8,1751550299021
0.0,0.0,2.31,28.8,1751550299108
0.0,0.0,2.31,28.8,1751550299141
0.0,0.0,2.299,28.8,1751550299229
0.0,0.0,2.279,28.8,1751550299324
0.0,0.0,2.268,28.8,1751550299358
0.0,0.0,2.258,28.8,1751550299434
0.0,0.0,2.247,28.8,1751550299488
0.0,0.0,2.237,28.8,1751550299558
0.0,0.0,2.227,28.8,1751550299626
0.0,0.0,2.227,28.8,1751550299692
0.0,0.0,2.227,28.8,1751550299758
0.0,0.0,2.206,28.8,1751550299859
0.0,0.0,2.195,28.8,1751550299891
0.0,0.0,2.185,28.8,1751550299977
31.709836959838867,-97.186279296875,2.185,28.8,1751550300000
0.0,0.0,2.185,28.8,1751550300042
0.0,0.0,2.175,28.8,1751550300141
0.0,0.0,2.164,28.8,1751550300178
0.0,0.0,2.154,28.8,1751550300278
0.0,0.0,2.164,28.8,1751550300308
0.0,0.0,2.154,28.8,1751550300474
0.0,0.0,2.143,28.8,1751550300508
0.0,0.0,2.123,28.8,1751550300579
0.0,0.0,2.112,28.8,1751550300606
0.0,0.0,2.102,28.8,1751550300700
0.0,0.0,2.112,28.8,1751550300742
0.0,0.0,2.102,28.8,1751550300818
0.0,0.0,2.091,28.8,1751550300873
0.0,0.0,2.081,29.0,1751550300975
31.709842681884766,-97.186279296875,2.081,29.0,1751550301000
0.0,0.0,2.081,29.0,1751550301009
0.0,0.0,2.07,29.0,1751550301126
0.0,0.0,2.06,29.0,1751550301166
0.0,0.0,2.05,29.0,1751550301289
0.0,0.0,2.05,29.0,1751550301326
0.0,0.0,2.039,29.0,1751550301420
0.0,0.0,2.039,29.0,1751550301443
0.0,0.0,2.029,29.0,1751550301596
0.0,0.0,2.018,29.0,1751550301624
0.0,0.0,2.008,29.0,1751550301698
0.0,0.0,1.998,29.0,1751550301756
0.0,0.0,1.987,29.0,1751550301775
0.0,0.0,1.977,29.0,1751550301861
0.0,0.0,1.966,29.0,1751550301958
31.709850311279297,-97.18628692626953,1.956,29.0,1751550302000
0.0,0.0,1.956,29.0,1751550302023
0.0,0.0,1.935,29.0,1751550302089
0.0,0.0,1.935,29.0,1751550302162
0.0,0.0,1.925,29.0,1751550302234
0.0,0.0,1.925,29.0,1751550302296
0.0,0.0,1.914,29.0,1751550302440
0.0,0.0,1.914,29.0,1751550302506
0.0,0.0,1.904,29.0,1751550302542
0.0,0.0,1.904,29.0,1751550302604
0.0,0.0,1.894,29.0,1751550302626
0.0,0.0,1.894,29.0,1751550302724
0.0,0.0,1.883,29.0,1751550302841
0.0,0.0,1.883,29.0,1751550302916
31.709856033325195,-97.18628692626953,1.883,29.0,1751550303000
0.0,0.0,1.883,29.0,1751550303025
0.0,0.0,1.873,29.0,1751550303058
0.0,0.0,1.862,29.0,1751550303155
0.0,0.0,1.852,29.0,1751550303239
0.0,0.0,1.852,29.0,1751550303275
0.0,0.0,1.842,29.0,1751550303350
0.0,0.0,1.821,29.0,1751550303455
0.0,0.0,1.81,29.0,1751550303517
0.0,0.0,1.8,29.0,1751550303540
0.0,0.0,1.8,29.0,1751550303603
0.0,0.0,1.79,29.0,1751550303723
0.0,0.0,1.779,29.0,1751550303758
0.0,0.0,1.758,29.0,1751550303874
0.0,0.0,1.758,29.0,1751550303908
31.709856033325195,-97.186279296875,1.758,29.0,1751550304000
0.0,0.0,1.727,29.0,1751550304124
0.0,0.0,1.727,29.0,1751550304158
0.0,0.0,1.727,29.0,1751550304241
0.0,0.0,1.717,29.0,1751550304316
0.0,0.0,1.685,29.0,1751550304358
0.0,0.0,1.675,29.0,1751550304433
0.0,0.0,1.633,29.0,1751550304543
0.0,0.0,1.602,29.0,1751550304605
0.0,0.0,1.561,29.0,1751550304629
0.0,0.0,1.529,29.0,1751550304706
0.0,0.0,1.498,29.0,1751550304773
0.0,0.0,1.456,29.0,1751550304842
0.0,0.0,1.436,29.0,1751550304875
0.0,0.0,1.384,29.0,1751550304951
31.70985984802246,-97.186279296875,1.332,29.0,1751550305000
0.0,0.0,1.332,29.0,1751550305007
0.0,0.0,1.28,29.0,1751550305108
0.0,0.0,1.269,29.0,1751550305142
0.0,0.0,1.217,29.0,1751550305255
0.0,0.0,1.196,29.0,1751550305291
0.0,0.0,1.186,29.0,1751550305451
0.0,0.0,1.175,29.0,1751550305473
0.0,0.0,1.155,29.0,1751550305536
0.0,0.0,1.134,29.0,1751550305625
0.0,0.0,1.123,29.0,1751550305658
0.0,0.0,1.103,29.0,1751550305722
0.0,0.0,1.092,29.0,1751550305789
0.0,0.0,1.071,29.0,1751550305824
0.0,0.0,1.061,29.0,1751550305910
0.0,0.0,1.04,29.0,1751550305983
31.709863662719727,-97.186279296875,1.04,29.0,1751550306000
0.0,0.0,1.051,29.0,1751550306066
0.0,0.0,1.03,29.0,1751550306138
0.0,0.0,1.009,29.0,1751550306217
0.0,0.0,0.999,29.0,1751550306281
0.0,0.0,0.967,29.0,1751550306349
0.0,0.0,0.947,29.0,1751550306493
0.0,0.0,0.926,29.0,1751550306555
0.0,0.0,0.926,29.0,1751550306591
0.0,0.0,0.905,29.0,1751550306653
0.0,0.0,0.884,29.0,1751550306708
0.0,0.0,0.853,29.0,1751550306773
0.0,0.0,0.842,29.0,1751550306839
0.0,0.0,0.832,29.0,1751550306906
0.0,0.0,0.811,29.2,1751550306974
31.709867477416992,-97.186279296875,0.811,29.2,1751550307000
0.0,0.0,0.78,29.2,1751550307047
0.0,0.0,0.77,29.2,1751550307104
0.0,0.0,0.759,29.2,1751550307189
0.0,0.0,0.728,29.2,1751550307265
0.0,0.0,0.718,29.2,1751550307329
0.0,0.0,0.718,29.2,1751550307463
0.0,0.0,0.686,29.2,1751550307491
0.0,0.0,0.697,29.2,1751550307555
0.0,0.0,0.728,29.2,1751550307612
0.0,0.0,0.707,29.2,1751550307683
0.0,0.0,0.697,29.2,1751550307767
0.0,0.0,0.686,29.2,1751550307840
0.0,0.0,0.697,29.2,1751550307904
0.0,0.0,0.697,29.2,1751550307973
31.709871292114258,-97.186279296875,0.697,29.2,1751550308000
0.0,0.0,0.697,29.2,1751550308040
0.0,0.0,0.718,29.2,1751550308108
0.0,0.0,0.718,29.2,1751550308183
0.0,0.0,0.686,29.2,1751550308250
0.0,0.0,0.686,29.2,1751550308311
0.0,0.0,0.666,29.2,1751550308461
0.0,0.0,0.634,29.2,1751550308522
0.0,0.0,0.645,29.2,1751550308557
0.0,0.0,0.634,29.2,1751550308633
0.0,0.0,0.614,29.2,1751550308725
0.0,0.0,0.603,29.2,1751550308794
0.0,0.0,0.614,29.2,1751550308824
0.0,0.0,0.603,29.2,1751550308898
31.709877014160156,-97.186279296875,0.572,29.2,1751550309000
0.0,0.0,0.572,29.2,1751550309024
0.0,0.0,0.572,29.2,1751550309207
0.0,0.0,0.603,29.2,1751550309225
0.0,0.0,0.593,29.2,1751550309279
0.0,0.0,0.614,29.2,1751550309447
0.0,0.0,0.634,29.2,1751550309457
0.0,0.0,0.614,29.2,1751550309474
0.0,0.0,0.645,29.2,1751550309572
0.0,0.0,0.676,29.2,1751550309608
0.0,0.0,0.676,29.2,1751550309683
0.0,0.0,0.686,29.2,1751550309749
0.0,0.0,0.676,29.2,1751550309823
0.0,0.0,0.697,29.2,1751550309900
0.0,0.0,0.686,29.2,1751550309974
31.709880828857422,-97.186279296875,0.686,29.2,1751550310000
0.0,0.0,0.666,29.2,1751550310038
0.0,0.0,0.666,29.2,1751550310089
0.0,0.0,0.624,29.2,1751550310181
0.0,0.0,0.634,29.2,1751550310249
0.0,0.0,0.634,29.2,1751550310325
0.0,0.0,0.614,29.2,1751550310462
0.0,0.0,0.572,29.2,1751550310472
0.0,0.0,0.582,29.2,1751550310592
0.0,0.0,0.561,29.2,1751550310658
0.0,0.0,0.561,29.2,1751550310791
0.0,0.0,0.572,29.2,1751550310865
0.0,0.0,0.572,29.2,1751550310940
0.0,0.0,0.561,29.2,1751550311016
0.0,0.0,0.561,29.2,1751550311088
0.0,0.0,0.582,29.2,1751550311159
0.0,0.0,0.572,29.2,1751550311236
0.0,0.0,0.572,29.2,1751550311259
0.0,0.0,0.582,29.2,1751550311444
0.0,0.0,0.593,29.2,1751550311473
0.0,0.0,0.561,29.2,1751550311502
0.0,0.0,0.561,29.2,1751550311590
0.0,0.0,0.593,29.2,1751550311624
0.0,0.0,0.593,29.2,1751550311697
0.0,0.0,0.593,29.2,1751550311765
0.0,0.0,0.614,29.2,1751550311851
0.0,0.0,0.624,29.2,1751550311923
31.709890365600586,-97.18634033203125,0.645,29.2,1751550312000
0.0,0.0,0.645,29.2,1751550312041
0.0,0.0,0.676,29.2,1751550312114
0.0,0.0,0.697,29.2,1751550312256
0.0,0.0,0.728,29.2,1751550312332
0.0,0.0,0.77,29.2,1751550312405
0.0,0.0,0.801,29.2,1751550312482
0.0,0.0,0.811,29.2,1751550312566
0.0,0.0,0.811,29.2,1751550312607
0.0,0.0,0.832,29.2,1751550312807
0.0,0.0,0.853,29.2,1751550312924
0.0,0.0,0.832,29.2,1751550312989
31.70989227294922,-97.18635559082031,0.832,29.2,1751550313000
0.0,0.0,0.811,29.2,1751550313056
0.0,0.0,0.77,29.2,1751550313123
0.0,0.0,0.728,29.2,1751550313182
0.0,0.0,0.686,29.2,1751550313251
0.0,0.0,0.655,29.2,1751550313314
0.0,0.0,0.614,29.2,1751550313470
0.0,0.0,0.582,29.2,1751550313489
0.0,0.0,0.582,29.2,1751550313518
0.0,0.0,0.572,29.2,1751550313608
0.0,0.0,0.541,29.2,1751550313673
0.0,0.0,0.509,29.2,1751550313739
0.0,0.0,0.509,29.2,1751550313818
0.0,0.0,0.52,29.2,1751550313891
0.0,0.0,0.541,29.2,1751550313955
31.709896087646484,-97.18636322021484,0.561,29.2,1751550314000
0.0,0.0,0.561,29.2,1751550314021
0.0,0.0,0.582,29.2,1751550314088
0.0,0.0,0.582,29.2,1751550314180
0.0,0.0,0.603,29.2,1751550314208
0.0,0.0,0.624,29.2,1751550314311
0.0,0.0,0.614,29.2,1751550314456
0.0,0.0,0.614,29.2,1751550314490
0.0,0.0,0.624,29.2,1751550314521
0.0,0.0,0.624,29.2,1751550314596
0.0,0.0,0.624,29.2,1751550314666
0.0,0.0,0.624,29.2,1751550314749
0.0,0.0,0.614,29.2,1751550314790
0.0,0.0,0.603,29.2,1751550314873
0.0,0.0,0.603,29.2,1751550314948
31.70989990234375,-97.18636322021484,0.603,29.2,1751550315000
0.0,0.0,0.603,29.2,1751550315022
0.0,0.0,0.582,29.2,1751550315124
0.0,0.0,0.572,29.2,1751550315215
0.0,0.0,0.582,29.2,1751550315240
0.0,0.0,0.582,29.2,1751550315329
0.0,0.0,0.582,29.2,1751550315464
0.0,0.0,0.572,29.2,1751550315557
0.0,0.0,0.582,29.2,1751550315590
0.0,0.0,0.572,29.2,1751550315650
0.0,0.0,0.582,29.2,1751550315673
0.0,0.0,0.572,29.2,1751550315734
0.0,0.0,0.572,29.2,1751550315791
0.0,0.0,0.572,29.2,1751550315856
0.0,0.0,0.572,29.2,1751550315922
0.0,0.0,0.582,29.2,1751550315999
31.709903717041016,-97.18636322021484,0.582,29.2,1751550316000
0.0,0.0,0.582,29.2,1751550316070
0.0,0.0,0.582,29.2,1751550316121
0.0,0.0,0.603,29.2,1751550316218
0.0,0.0,0.603,29.2,1751550316257
0.0,0.0,0.593,29.2,1751550316382
0.0,0.0,0.603,29.2,1751550316449
0.0,0.0,0.614,29.2,1751550316517
0.0,0.0,0.614,29.2,1751550316541
0.0,0.0,0.614,29.2,1751550316674
0.0,0.0,0.614,29.2,1751550316748
0.0,0.0,0.614,29.2,1751550316831
0.0,0.0,0.624,29.2,1751550316889
0.0,0.0,0.624,29.2,1751550316990
31.70990753173828,-97.18637084960938,0.624,29.2,1751550317000
0.0,0.0,0.634,29.2,1751550317054
0.0,0.0,0.645,29.2,1751550317102
0.0,0.0,0.634,29.2,1751550317199
0.0,0.0,0.645,29.2,1751550317241
0.0,0.0,0.634,29.2,1751550317364
0.0,0.0,0.634,29.2,1751550317446
0.0,0.0,0.634,29.2,1751550317506
0.0,0.0,0.634,29.2,1751550317529
0.0,0.0,0.634,29.2,1751550317614
0.0,0.0,0.614,29.2,1751550317623
0.0,0.0,0.614,29.2,1751550317718
0.0,0.0,0.614,29.2,1751550317788
0.0,0.0,0.582,29.2,1751550317874
0.0,0.0,0.572,29.2,1751550317939
31.709909439086914,-97.18637084960938,0.561,29.2,1751550318000
0.0,0.0,0.561,29.2,1751550318006
0.0,0.0,0.572,29.2,1751550318088
0.0,0.0,0.561,29.2,1751550318162
0.0,0.0,0.572,29.2,1751550318243
0.0,0.0,0.561,29.2,1751550318274
0.0,0.0,0.572,29.2,1751550318441
0.0,0.0,0.551,29.2,1751550318450
0.0,0.0,0.561,29.2,1751550318503
0.0,0.0,0.561,29.2,1751550318578
0.0,0.0,0.572,29.2,1751550318640
0.0,0.0,0.572,29.2,1751550318715
0.0,0.0,0.582,29.2,1751550318788
0.0,0.0,0.582,29.2,1751550318855
0.0,0.0,0.582,29.2,1751550318920
0.0,0.0,0.593,29.2,1751550318974
31.709911346435547,-97.18637084960938,0.593,29.2,1751550319000
0.0,0.0,0.582,29.2,1751550319052
0.0,0.0,0.593,29.2,1751550319125
0.0,0.0,0.582,29.2,1751550319209
0.0,0.0,0.582,29.2,1751550319293
0.0,0.0,0.572,29.2,1751550319324
0.0,0.0,0.582,29.2,1751550319492
0.0,0.0,0.582,29.2,1751550319502
0.0,0.0,0.582,29.2,1751550319524
0.0,0.0,0.572,29.2,1751550319631
0.0,0.0,0.582,29.2,1751550319673
0.0,0.0,0.593,29.2,1751550319746
0.0,0.0,0.593,29.2,1751550319816
0.0,0.0,0.593,29.2,1751550319888
0.0,0.0,0.603,29.2,1751550319965
31.70991325378418,-97.1863784790039,0.603,29.2,1751550320000
0.0,0.0,0.603,29.2,1751550320038
0.0,0.0,0.603,29.2,1751550320105
0.0,0.0,0.593,29.2,1751550320183
0.0,0.0,0.593,29.2,1751550320246
0.0,0.0,0.593,29.2,1751550320313
0.0,0.0,0.593,29.2,1751550320467
0.0,0.0,0.593,29.2,1751550320490
0.0,0.0,0.582,29.2,1751550320537
0.0,0.0,0.561,29.2,1751550320607
0.0,0.0,0.561,29.2,1751550320671
0.0,0.0,0.561,29.2,1751550320740
0.0,0.0,0.551,29.2,1751550320804
0.0,0.0,0.541,29.2,1751550320881
0.0,0.0,0.551,29.2,1751550320955
31.709918975830078,-97.1863784790039,0.551,29.2,1751550321000
0.0,0.0,0.551,29.2,1751550321106
0.0,0.0,0.551,29.2,1751550321123
0.0,0.0,0.551,29.2,1751550321139
0.0,0.0,0.551,29.2,1751550321291
0.0,0.0,0.551,29.2,1751550321306
0.0,0.0,0.551,29.2,1751550321539
0.0,0.0,0.551,29.2,1751550321556
0.0,0.0,0.551,29.2,1751550321573
0.0,0.0,0.551,29.2,1751550321689
0.0,0.0,0.561,29.2,1751550321706
0.0,0.0,0.561,29.2,1751550321723
0.0,0.0,0.561,29.2,1751550321818
0.0,0.0,0.561,29.2,1751550321839
0.0,0.0,0.572,29.2,1751550321912
31.70992088317871,-97.18637084960938,0.603,29.2,1751550322000
0.0,0.0,0.603,29.2,1751550322057
0.0,0.0,0.603,29.2,1751550322257
0.0,0.0,0.603,29.2,1751550322343
0.0,0.0,0.593,29.2,1751550322479
0.0,0.0,0.603,29.2,1751550322606
0.0,0.0,0.603,29.2,1751550322682
0.0,0.0,0.624,29.2,1751550322764
0.0,0.0,0.676,29.2,1751550322830
0.0,0.0,0.676,29.2,1751550322897
0.0,0.0,0.686,29.2,1751550322965
31.70992088317871,-97.18637084960938,0.686,29.2,1751550323000
0.0,0.0,0.686,29.2,1751550323047
0.0,0.0,0.666,29.2,1751550323175
0.0,0.0,0.645,29.2,1751550323258
0.0,0.0,0.645,29.2,1751550323328
0.0,0.0,0.645,29.2,1751550323488
0.0,0.0,0.655,29.2,1751550323524
0.0,0.0,0.655,29.2,1751550323560
0.0,0.0,0.634,29.2,1751550323608
0.0,0.0,0.634,29.2,1751550323696
0.0,0.0,0.582,29.2,1751550323727
0.0,0.0,0.582,29.2,1751550323808
0.0,0.0,0.561,29.2,1751550323883
0.0,0.0,0.561,29.2,1751550323955
31.709924697875977,-97.18637084960938,0.582,29.2,1751550324000
0.0,0.0,0.582,29.2,1751550324032
0.0,0.0,0.593,29.2,1751550324105
0.0,0.0,0.593,29.2,1751550324206
0.0,0.0,0.614,29.2,1751550324340
0.0,0.0,0.614,29.2,1751550324506
0.0,0.0,0.624,29.2,1751550324523
0.0,0.0,0.624,29.2,1751550324706
0.0,0.0,0.634,29.2,1751550324723
0.0,0.0,0.655,29.2,1751550324740
0.0,0.0,0.655,29.2,1751550324873
31.70993423461914,-97.18636322021484,0.676,29.4,1751550325000
0.0,0.0,0.676,29.4,1751550325040
0.0,0.0,0.686,29.4,1751550325073
0.0,0.0,0.707,29.4,1751550325239
0.0,0.0,0.707,29.4,1751550325456
0.0,0.0,0.707,29.4,1751550325473
0.0,0.0,0.676,29.4,1751550325489
0.0,0.0,0.655,29.4,1751550325596
0.0,0.0,0.666,29.4,1751550325605
0.0,0.0,0.676,29.4,1751550325756
0.0,0.0,0.676,29.4,1751550325773
0.0,0.0,0.655,29.4,1751550325789
0.0,0.0,0.655,29.4,1751550325905
0.0,0.0,0.645,29.4,1751550325923
31.70993995666504,-97.18636322021484,0.634,29.4,1751550326000
0.0,0.0,0.634,29.4,1751550326003
0.0,0.0,0.624,29.4,1751550326022
0.0,0.0,0.634,29.4,1751550326140
0.0,0.0,0.634,29.4,1751550326179
0.0,0.0,0.634,29.4,1751550326268
0.0,0.0,0.645,29.4,1751550326440
0.0,0.0,0.634,29.4,1751550326455
0.0,0.0,0.614,29.4,1751550326589
0.0,0.0,0.603,29.4,1751550326606
0.0,0.0,0.603,29.4,1751550326873
31.70994758605957,-97.18637084960938,0.603,29.4,1751550327000
0.0,0.0,0.603,29.4,1751550327006
0.0,0.0,0.603,29.4,1751550327023
0.0,0.0,0.624,29.4,1751550327119
0.0,0.0,0.624,29.4,1751550327158
0.0,0.0,0.624,29.4,1751550327260
0.0,0.0,0.624,29.4,1751550327289
0.0,0.0,0.624,29.4,1751550327465
0.0,0.0,0.624,29.4,1751550327489
0.0,0.0,0.634,29.4,1751550327537
0.0,0.0,0.634,29.4,1751550327611
0.0,0.0,0.645,29.4,1751550327639
0.0,0.0,0.634,29.4,1751550327722
0.0,0.0,0.634,29.4,1751550327796
0.0,0.0,0.655,29.4,1751550327864
31.7099552154541,-97.18637084960938,0.634,29.4,1751550328000
0.0,0.0,0.634,29.4,1751550328006
0.0,0.0,0.634,29.4,1751550328088
0.0,0.0,0.634,29.4,1751550328172
0.0,0.0,0.624,29.4,1751550328208
0.0,0.0,0.624,29.4,1751550328296
0.0,0.0,0.624,29.4,1751550328447
0.0,0.0,0.624,29.4,1751550328473
0.0,0.0,0.614,29.4,1751550328489
0.0,0.0,0.593,29.4,1751550328597
31.709957122802734,-97.18637084960938,0.593,29.4,1751550329000
0.0,0.0,0.593,29.4,1751550329321
0.0,0.0,0.603,29.4,1751550329615
0.0,0.0,0.603,29.4,1751550329639
0.0,0.0,0.624,29.4,1751550329688
31.709959030151367,-97.18637084960938,0.624,29.4,1751550330000
0.0,0.0,0.624,29.4,1751550330105
0.0,0.0,0.624,29.4,1751550330198
0.0,0.0,0.634,29.4,1751550330239
0.0,0.0,0.634,29.4,1751550331039
0.0,0.0,0.634,29.4,1751550334088
31.709978103637695,-97.18635559082031,0.634,29.4,1751550335000
0.0,0.0,0.634,29.4,1751550335056
0.0,0.0,0.634,29.4,1751550335192
0.0,0.0,0.666,29.4,1751550335221
0.0,0.0,0.686,29.4,1751550335292
0.0,0.0,0.676,29.4,1751550335361
0.0,0.0,0.78,29.4,1751550335504
0.0,0.0,0.759,29.4,1751550335521
0.0,0.0,0.759,29.4,1751550335538
0.0,0.0,0.749,29.4,1751550335688
0.0,0.0,0.749,29.4,1751550335704
0.0,0.0,0.728,29.4,1751550335888
0.0,0.0,0.738,29.4,1751550335905
31.709980010986328,-97.18635559082031,0.738,29.4,1751550336000
0.0,0.0,0.759,29.4,1751550336104
0.0,0.0,0.78,29.4,1751550336121
0.0,0.0,0.738,29.4,1751550336138
0.0,0.0,0.718,29.4,1751550336251
0.0,0.0,0.718,29.4,1751550336262
0.0,0.0,0.603,29.4,1751550336405
0.0,0.0,0.614,29.4,1751550336422
0.0,0.0,0.624,29.4,1751550336545
0.0,0.0,0.634,29.4,1751550336616
0.0,0.0,0.634,29.4,1751550336626
0.0,0.0,0.645,29.4,1751550336668
0.0,0.0,0.634,29.4,1751550336761
0.0,0.0,0.614,29.4,1751550336871
0.0,0.0,0.593,29.4,1751550336945
31.709985733032227,-97.18636322021484,0.624,29.4,1751550337000
0.0,0.0,0.624,29.4,1751550337011
0.0,0.0,0.634,29.4,1751550337104
0.0,0.0,0.634,29.4,1751550337183
0.0,0.0,0.697,29.4,1751550337206
0.0,0.0,0.718,29.4,1751550337327
0.0,0.0,0.686,29.4,1751550337446
0.0,0.0,0.697,29.4,1751550337571
0.0,0.0,0.728,29.4,1751550337646
0.0,0.0,0.707,29.4,1751550337719
0.0,0.0,0.718,29.4,1751550337796
0.0,0.0,0.728,29.4,1751550337871
0.0,0.0,0.686,29.4,1751550337935
0.0,0.0,0.666,29.4,1751550337997
31.709989547729492,-97.18636322021484,0.666,29.4,1751550338000
0.0,0.0,0.666,29.4,1751550338072
0.0,0.0,0.666,29.4,1751550338161
0.0,0.0,0.666,29.4,1751550338188
0.0,0.0,0.655,29.4,1751550338284
0.0,0.0,0.676,29.4,1751550338358
0.0,0.0,0.666,29.4,1751550338497
0.0,0.0,0.634,29.4,1751550338507
0.0,0.0,0.624,29.4,1751550338585
0.0,0.0,0.624,29.4,1751550338621
0.0,0.0,0.624,29.4,1751550338694
0.0,0.0,0.645,29.4,1751550338762
0.0,0.0,0.655,29.4,1751550338855
0.0,0.0,0.645,29.4,1751550338919
0.0,0.0,0.634,29.4,1751550338985
31.70999526977539,-97.18636322021484,0.634,29.4,1751550339000
0.0,0.0,0.634,29.4,1751550339044
0.0,0.0,0.634,29.4,1751550339174
0.0,0.0,0.624,29.4,1751550339272
0.0,0.0,0.624,29.4,1751550339363
0.0,0.0,0.634,29.4,1751550339474
0.0,0.0,0.645,29.4,1751550339487
0.0,0.0,0.655,29.4,1751550339535
0.0,0.0,0.666,29.4,1751550339606
0.0,0.0,0.634,29.4,1751550339679
0.0,0.0,0.645,29.4,1751550339754
0.0,0.0,0.645,29.4,1751550339828
0.0,0.0,0.655,29.4,1751550339885
0.0,0.0,0.655,29.4,1751550339971
31.709999084472656,-97.18636322021484,0.655,29.4,1751550340000
0.0,0.0,0.676,29.4,1751550340037
0.0,0.0,0.697,29.4,1751550340118
0.0,0.0,0.697,29.4,1751550340155
0.0,0.0,0.728,29.4,1751550340254
0.0,0.0,0.707,29.4,1751550340326
0.0,0.0,0.728,29.4,1751550340460
0.0,0.0,0.738,29.4,1751550340487
0.0,0.0,0.749,29.4,1751550340517
0.0,0.0,0.728,29.4,1751550340600
0.0,0.0,0.718,29.4,1751550340667
0.0,0.0,0.718,29.4,1751550340728
0.0,0.0,0.718,29.4,1751550340794
0.0,0.0,0.707,29.4,1751550340861
0.0,0.0,0.676,29.4,1751550340928
31.71000862121582,-97.18636322021484,0.686,29.4,1751550341000
0.0,0.0,0.686,29.4,1751550341010
0.0,0.0,0.634,29.4,1751550341084
0.0,0.0,0.645,29.4,1751550341159
0.0,0.0,0.645,29.4,1751550341230
0.0,0.0,0.624,29.4,1751550341294
0.0,0.0,0.645,29.4,1751550341433
0.0,0.0,0.655,29.4,1751550341443
0.0,0.0,0.666,29.4,1751550341516
0.0,0.0,0.655,29.4,1751550341567
0.0,0.0,0.655,29.4,1751550341630
0.0,0.0,0.634,29.4,1751550341713
0.0,0.0,0.655,29.4,1751550341791
0.0,0.0,0.676,29.4,1751550341853
0.0,0.0,0.728,29.4,1751550341927
0.0,0.0,0.718,29.4,1751550341985
31.710012435913086,-97.18637084960938,0.718,29.4,1751550342000
0.0,0.0,0.749,29.4,1751550342054
0.0,0.0,0.749,29.4,1751550342136
0.0,0.0,0.759,29.4,1751550342216
0.0,0.0,0.749,29.4,1751550342339
0.0,0.0,0.738,29.4,1751550342491
0.0,0.0,0.749,29.4,1751550342562
0.0,0.0,0.738,29.4,1751550342635
0.0,0.0,0.77,29.4,1751550342685
0.0,0.0,0.759,29.4,1751550342764
0.0,0.0,0.728,29.4,1751550342835
0.0,0.0,0.697,29.4,1751550342895
0.0,0.0,0.718,29.4,1751550342963
31.710018157958984,-97.1863784790039,0.718,29.4,1751550343000
0.0,0.0,0.686,29.4,1751550343046
0.0,0.0,0.707,29.4,1751550343117
0.0,0.0,0.707,29.4,1751550343205
0.0,0.0,0.697,29.4,1751550343238
0.0,0.0,0.676,29.4,1751550343327
0.0,0.0,0.676,29.4,1751550343475
0.0,0.0,0.676,29.4,1751550343504
0.0,0.0,0.645,29.4,1751550343535
0.0,0.0,0.655,29.4,1751550343617
0.0,0.0,0.666,29.4,1751550343686
0.0,0.0,0.697,29.4,1751550343750
0.0,0.0,0.666,29.4,1751550343801
0.0,0.0,0.686,29.4,1751550343887
0.0,0.0,0.666,29.4,1751550343954
31.710023880004883,-97.18638610839844,0.676,29.4,1751550344000
0.0,0.0,0.676,29.4,1751550344028
0.0,0.0,0.686,29.4,1751550344102
0.0,0.0,0.707,29.4,1751550344185
0.0,0.0,0.697,29.4,1751550344222
0.0,0.0,0.686,29.4,1751550344311
0.0,0.0,0.697,29.4,1751550344451
0.0,0.0,0.676,29.4,1751550344461
0.0,0.0,0.666,29.4,1751550344518
0.0,0.0,0.634,29.4,1751550344590
0.0,0.0,0.676,29.4,1751550344737
0.0,0.0,0.666,29.4,1751550344801
0.0,0.0,0.666,29.4,1751550344851
0.0,0.0,0.676,29.4,1751550344937
31.71002960205078,-97.18638610839844,0.676,29.4,1751550345000
0.0,0.0,0.666,29.4,1751550345071
0.0,0.0,0.655,29.4,1751550345158
0.0,0.0,0.666,29.4,1751550345338
0.0,0.0,0.676,29.4,1751550345499
0.0,0.0,0.666,29.4,1751550345754
31.710037231445312,-97.18638610839844,0.676,29.4,1751550346000
0.0,0.0,0.676,29.4,1751550346037
0.0,0.0,0.666,29.4,1751550346118
0.0,0.0,0.686,29.4,1751550346202
0.0,0.0,0.666,29.4,1751550346276
0.0,0.0,0.666,29.4,1751550346364
0.0,0.0,0.666,29.4,1751550346477
0.0,0.0,0.655,29.4,1751550346489
0.0,0.0,0.645,29.4,1751550346534
0.0,0.0,0.634,29.4,1751550346609
0.0,0.0,0.634,29.4,1751550346680
0.0,0.0,0.614,29.4,1751550346751
0.0,0.0,0.624,29.4,1751550346828
0.0,0.0,0.624,29.4,1751550346954
31.710039138793945,-97.18638610839844,0.634,29.4,1751550347000
0.0,0.0,0.634,29.4,1751550347030
0.0,0.0,0.624,29.4,1751550347101
0.0,0.0,0.645,29.4,1751550347221
0.0,0.0,0.634,29.4,1751550347504
0.0,0.0,0.634,29.4,1751550347579
0.0,0.0,0.634,29.4,1751550347664
0.0,0.0,0.645,29.4,1751550347735
0.0,0.0,0.645,29.4,1751550347814
0.0,0.0,0.634,29.4,1751550347938
31.71004295349121,-97.18638610839844,0.634,29.4,1751550348000
0.0,0.0,0.634,29.4,1751550348012
0.0,0.0,0.624,29.4,1751550348138
0.0,0.0,0.624,29.4,1751550348227
0.0,0.0,0.614,29.4,1751550348294
0.0,0.0,0.614,29.4,1751550348445
0.0,0.0,0.614,29.4,1751550348520
0.0,0.0,0.614,29.4,1751550348554
0.0,0.0,0.603,29.4,1751550348639
0.0,0.0,0.603,29.4,1751550348770
0.0,0.0,0.593,29.4,1751550348847
0.0,0.0,0.593,29.2,1751550348919
0.0,0.0,0.614,29.2,1751550348998
31.710046768188477,-97.1863784790039,0.614,29.2,1751550349000
0.0,0.0,0.624,29.2,1751550349070
0.0,0.0,0.624,29.2,1751550349188
0.0,0.0,0.624,29.2,1751550349273
0.0,0.0,1.321,29.2,1751550352220
0.0,0.0,2.695,28.0,1751550381102
0.0,0.0,4.058,28.0,1751550381801
0.0,0.0,5.432,28.0,1751550382001
0.0,0.0,6.795,28.0,1751550382301
0.0,0.0,8.159,28.0,1751550384117
0.0,0.0,9.501,27.8,1751550385384
0.0,0.0,10.854,27.8,1751550386584
0.0,0.0,12.217,27.8,1751550386818
0.0,0.0,13.518,27.4,1751550397983
0.0,0.0,14.829,27.2,1751550401266
0.0,0.0,16.089,26.0,1751550448763
0.0,0.0,15.662,25.8,1751550458428
0.0,0.0,14.559,25.8,1751550458728
0.0,0.0,13.508,25.8,1751550458762
0.0,0.0,12.467,25.8,1751550458825
0.0,0.0,11.281,25.8,1751550458852
0.0,0.0,10.271,25.8,1751550458978
0.0,0.0,9.168,25.8,1751550459055
0.0,0.0,8.492,25.8,1751550459461
0.0,0.0,7.68,25.8,1751550460096
0.0,0.0,6.931,25.8,1751550460378
0.0,0.0,6.296,25.8,1751550460662
0.0,0.0,5.755,25.8,1751550460862
0.0,0.0,6.514,25.8,1751550460961
0.0,0.0,7.555,25.8,1751550461211
0.0,0.0,8.637,25.8,1751550461561
0.0,0.0,9.678,25.8,1751550461779
0.0,0.0,10.583,25.8,1751550461854
0.0,0.0,11.52,25.8,1751550462328
0.0,0.0,12.425,25.8,1751550462476
0.0,0.0,12.956,25.8,1751550462512
0.0,0.0,13.227,25.8,1751550462572
0.0,0.0,13.175,25.8,1751550462632
0.0,0.0,13.216,25.8,1751550462762
0.0,0.0,13.019,26.2,1751550462895
0.0,0.0,12.249,26.2,1751550463028
0.0,0.0,11.593,26.2,1751550463127
0.0,0.0,10.906,26.2,1751550463199
0.0,0.0,10.198,26.2,1751550463261
0.0,0.0,9.772,26.2,1751550463330
0.0,0.0,9.126,26.2,1751550463397
0.0,0.0,8.721,26.2,1751550463466
0.0,0.0,8.377,26.2,1751550463529
0.0,0.0,8.877,26.2,1751550463609
0.0,0.0,8.856,26.2,1751550463679
0.0,0.0,8.731,26.2,1751550463745
0.0,0.0,9.085,26.2,1751550463823
0.0,0.0,9.761,26.2,1751550463894
0.0,0.0,9.865,26.2,1751550464011
0.0,0.0,10.094,26.2,1751550464088
0.0,0.0,9.938,26.2,1751550464178
0.0,0.0,9.73,26.2,1751550464245
0.0,0.0,9.772,26.2,1751550464313
0.0,0.0,9.553,26.2,1751550464511
0.0,0.0,9.616,26.2,1751550464589
0.0,0.0,8.95,26.2,1751550464663
0.0,0.0,8.835,26.2,1751550464730
0.0,0.0,8.741,26.2,1751550464795
0.0,0.0,8.148,26.2,1751550464873
0.0,0.0,7.576,26.2,1751550464945
0.0,0.0,7.378,26.2,1751550465012
0.0,0.0,7.118,26.2,1751550465079
0.0,0.0,6.837,26.2,1751550465144
0.0,0.0,6.743,26.2,1751550465229
0.0,0.0,6.566,26.2,1751550465261
0.0,0.0,6.421,26.2,1751550465349
0.0,0.0,6.067,26.2,1751550465423
0.0,0.0,6.181,26.2,1751550465506
0.0,0.0,6.025,26.2,1751550465576
0.0,0.0,5.952,26.2,1751550465647
0.0,0.0,6.077,26.2,1751550465711
0.0,0.0,6.129,26.2,1751550465780
0.0,0.0,6.015,26.2,1751550465845
0.0,0.0,5.807,26.4,1751550465927
0.0,0.0,5.651,26.4,1751550465995
0.0,0.0,5.338,26.4,1751550466064
0.0,0.0,5.234,26.4,1751550466132
0.0,0.0,5.078,26.4,1751550466327
0.0,0.0,4.88,26.4,1751550466407
0.0,0.0,4.516,26.4,1751550466480
0.0,0.0,4.36,26.4,1751550466548
0.0,0.0,4.225,26.4,1751550466613
0.0,0.0,4.141,26.4,1751550466694
0.0,0.0,3.996,26.4,1751550466762
0.0,0.0,3.819,26.4,1751550466831
0.0,0.0,3.798,26.4,1751550466899
0.0,0.0,3.746,26.4,1751550466965
0.0,0.0,3.788,26.4,1751550467044
0.0,0.0,3.777,26.4,1751550467114
0.0,0.0,3.788,26.4,1751550467201
0.0,0.0,3.871,26.4,1751550467227
0.0,0.0,3.913,26.4,1751550467325
0.0,0.0,3.954,26.4,1751550467396
0.0,0.0,3.996,26.4,1751550467464
0.0,0.0,4.152,26.4,1751550467530
0.0,0.0,4.204,26.4,1751550467598
0.0,0.0,4.266,26.4,1751550467664
0.0,0.0,4.131,26.4,1751550467744
0.0,0.0,3.965,26.4,1751550467815
0.0,0.0,3.933,26.4,1751550467881
0.0,0.0,3.829,26.4,1751550467947
0.0,0.0,3.704,26.4,1751550468026
0.0,0.0,3.569,26.4,1751550468094
0.0,0.0,3.455,26.4,1751550468167
0.0,0.0,3.33,26.4,1751550468233
0.0,0.0,3.246,26.4,1751550468299
0.0,0.0,3.153,26.4,1751550468376
0.0,0.0,3.09,26.4,1751550468444
0.0,0.0,3.028,26.4,1751550468514
0.0,0.0,3.049,26.4,1751550468581
0.0,0.0,3.08,26.4,1751550468647
0.0,0.0,3.049,26.4,1751550468725
0.0,0.0,3.059,26.4,1751550468797
0.0,0.0,3.09,26.4,1751550468864
0.0,0.0,3.122,26.8,1751550468930
0.0,0.0,3.153,26.8,1751550468999
31.709667205810547,-97.18643188476562,3.153,26.8,1751550469000
0.0,0.0,3.184,26.8,1751550469066
0.0,0.0,3.142,26.8,1751550469141
0.0,0.0,3.111,26.8,1751550469219
0.0,0.0,3.142,26.8,1751550469279
0.0,0.0,3.122,26.8,1751550469348
0.0,0.0,3.111,26.8,1751550469415
0.0,0.0,3.09,26.8,1751550469491
0.0,0.0,3.07,26.8,1751550469563
0.0,0.0,3.07,26.8,1751550469631
0.0,0.0,3.059,26.8,1751550469697
0.0,0.0,3.049,26.8,1751550469775
0.0,0.0,3.038,26.8,1751550469845
0.0,0.0,3.028,26.8,1751550469914
0.0,0.0,3.018,26.8,1751550469982
31.709665298461914,-97.18643188476562,3.018,26.8,1751550470000
0.0,0.0,3.018,26.8,1751550470048
0.0,0.0,3.007,26.8,1751550470114
0.0,0.0,3.007,26.8,1751550470201
0.0,0.0,3.007,26.8,1751550470228
0.0,0.0,2.986,26.8,1751550470326
0.0,0.0,2.986,26.8,1751550470481
0.0,0.0,2.986,26.8,1751550470512
0.0,0.0,2.976,26.8,1751550470580
0.0,0.0,2.976,26.8,1751550470610
0.0,0.0,2.976,26.8,1751550470698
0.0,0.0,2.976,26.8,1751550470764
0.0,0.0,2.976,26.8,1751550470833
0.0,0.0,2.976,26.8,1751550470899
0.0,0.0,2.976,26.8,1751550470967
31.70966339111328,-97.18643188476562,2.976,26.8,1751550471000
0.0,0.0,2.976,26.8,1751550471033
0.0,0.0,2.986,26.8,1751550471100
0.0,0.0,2.997,26.8,1751550471166
0.0,0.0,2.997,26.8,1751550471242
0.0,0.0,2.997,26.8,1751550471311
0.0,0.0,3.018,26.8,1751550471504
0.0,0.0,3.018,26.8,1751550471569
0.0,0.0,3.007,26.8,1751550471594
0.0,0.0,3.018,26.8,1751550471663
0.0,0.0,3.007,26.8,1751550471695
0.0,0.0,3.007,26.8,1751550471763
0.0,0.0,2.997,26.8,1751550471795
0.0,0.0,2.997,26.8,1751550471885
0.0,0.0,2.997,27.0,1751550471946
31.70966339111328,-97.18643188476562,2.997,27.0,1751550472000
0.0,0.0,2.997,27.0,1751550472016
0.0,0.0,2.986,27.0,1751550472083
0.0,0.0,2.986,27.0,1751550472161
0.0,0.0,2.986,27.0,1751550472234
0.0,0.0,2.976,27.0,1751550472309
0.0,0.0,2.976,27.0,1751550472377
0.0,0.0,2.976,27.0,1751550472567
0.0,0.0,2.976,27.0,1751550472594
0.0,0.0,2.976,27.0,1751550472664
0.0,0.0,2.976,27.0,1751550472693
0.0,0.0,2.976,27.0,1751550472762
0.0,0.0,2.976,27.0,1751550472791
0.0,0.0,2.986,27.0,1751550472861
0.0,0.0,2.986,27.0,1751550472942
0.0,0.0,2.986,27.0,1751550472978
31.70966339111328,-97.18643188476562,2.986,27.0,1751550473000
0.0,0.0,2.986,27.0,1751550473076
0.0,0.0,2.986,27.0,1751550473111
0.0,0.0,2.986,27.0,1751550473223
0.0,0.0,2.986,27.0,1751550473264
0.0,0.0,2.997,27.0,1751550473384
0.0,0.0,2.997,27.0,1751550473413
0.0,0.0,2.986,27.0,1751550473621
0.0,0.0,2.997,27.0,1751550473878
0.0,0.0,3.007,27.0,1751550473911
31.709665298461914,-97.18643188476562,3.007,27.0,1751550474000
0.0,0.0,3.007,27.0,1751550474044
0.0,0.0,3.028,27.0,1751550474116
0.0,0.0,3.038,27.0,1751550474202
0.0,0.0,3.038,27.0,1751550474281
0.0,0.0,3.038,27.0,1751550474488
0.0,0.0,3.049,27.0,1751550474528
0.0,0.0,3.059,27.0,1751550474598
0.0,0.0,3.07,27.0,1751550474628
0.0,0.0,3.08,27.0,1751550474700
0.0,0.0,3.09,27.0,1751550474731
0.0,0.0,3.09,27.0,1751550474800
0.0,0.0,3.08,27.0,1751550474881
0.0,0.0,3.09,27.4,1751550474977
31.709667205810547,-97.18643188476562,3.09,27.4,1751550475000
0.0,0.0,3.09,27.4,1751550475094
0.0,0.0,3.101,27.4,1751550475195
0.0,0.0,3.111,27.4,1751550475230
0.0,0.0,3.142,27.4,1751550475313
0.0,0.0,3.153,27.4,1751550475351
0.0,0.0,3.163,27.4,1751550475579
0.0,0.0,3.153,27.4,1751550475611
0.0,0.0,3.163,27.4,1751550475682
0.0,0.0,3.174,27.4,1751550475712
0.0,0.0,3.184,27.4,1751550475782
0.0,0.0,3.205,27.4,1751550475812
0.0,0.0,3.226,27.4,1751550475882
0.0,0.0,3.236,27.4,1751550475912
0.0,0.0,3.226,27.4,1751550475983
31.709667205810547,-97.18643188476562,3.226,27.4,1751550476000
0.0,0.0,3.226,27.4,1751550476014
0.0,0.0,3.226,27.4,1751550476087
0.0,0.0,3.226,27.4,1751550476188
0.0,0.0,3.236,27.4,1751550476213
0.0,0.0,3.246,27.4,1751550476321
0.0,0.0,3.257,27.4,1751550476388
0.0,0.0,3.288,27.4,1751550476574
0.0,0.0,3.288,27.4,1751550476600
0.0,0.0,3.288,27.4,1751550476685
0.0,0.0,3.299,27.4,1751550476718
0.0,0.0,3.299,27.4,1751550476789
0.0,0.0,3.319,27.4,1751550476819
0.0,0.0,3.34,27.4,1751550476890
0.0,0.0,3.351,27.4,1751550476921
0.0,0.0,3.371,27.4,1751550476992
31.70966911315918,-97.1864242553711,3.371,27.4,1751550477000
0.0,0.0,3.403,27.4,1751550477073
0.0,0.0,3.403,27.4,1751550477112
0.0,0.0,3.403,27.4,1751550477225
0.0,0.0,3.423,27.4,1751550477309
0.0,0.0,3.423,27.4,1751550477334
0.0,0.0,3.434,27.4,1751550477469
0.0,0.0,3.434,27.4,1751550477620
0.0,0.0,3.444,27.4,1751550477674
0.0,0.0,3.465,27.4,1751550477710
0.0,0.0,3.475,27.4,1751550477789
0.0,0.0,3.475,27.4,1751550477819
0.0,0.0,3.475,27.4,1751550477890
0.0,0.0,3.475,27.4,1751550477922
0.0,0.0,3.486,27.6,1751550477997
31.70966911315918,-97.1864242553711,3.486,27.6,1751550478000
0.0,0.0,3.486,27.6,1751550478028
0.0,0.0,3.486,27.6,1751550478120
0.0,0.0,3.496,27.6,1751550478198
0.0,0.0,3.527,27.6,1751550478276
0.0,0.0,3.527,27.6,1751550478345
0.0,0.0,3.538,27.6,1751550478537
0.0,0.0,3.538,27.6,1751550478563
0.0,0.0,3.538,27.6,1751550478646
0.0,0.0,3.559,27.6,1751550478676
0.0,0.0,3.58,27.6,1751550478746
0.0,0.0,3.59,27.6,1751550478776
0.0,0.0,3.59,27.6,1751550478849
0.0,0.0,3.6,27.6,1751550478879
0.0,0.0,3.632,27.6,1751550478968
31.709671020507812,-97.18641662597656,3.642,27.6,1751550479000
0.0,0.0,3.642,27.6,1751550479030
0.0,0.0,3.642,27.6,1751550479100
0.0,0.0,3.642,27.6,1751550479181
0.0,0.0,3.642,27.6,1751550479259
0.0,0.0,3.663,27.6,1751550479329
0.0,0.0,3.684,27.6,1751550479562
0.0,0.0,3.694,27.6,1751550479633
0.0,0.0,3.694,27.6,1751550479661
0.0,0.0,3.715,27.6,1751550479730
0.0,0.0,3.725,27.6,1751550479760
0.0,0.0,3.736,27.6,1751550479830
0.0,0.0,3.725,27.6,1751550479860
0.0,0.0,3.725,27.6,1751550479962
0.0,0.0,3.746,27.6,1751550479994
31.709678649902344,-97.18641662597656,3.746,27.6,1751550480000
0.0,0.0,3.767,27.6,1751550480082
0.0,0.0,3.788,27.6,1751550480146
0.0,0.0,3.788,27.6,1751550480229
0.0,0.0,3.788,27.6,1751550480307
0.0,0.0,3.819,27.6,1751550480383
0.0,0.0,3.829,27.6,1751550480563
0.0,0.0,3.808,27.6,1751550480614
0.0,0.0,3.829,27.6,1751550480645
0.0,0.0,3.85,27.6,1751550480716
0.0,0.0,3.861,27.6,1751550480785
0.0,0.0,3.881,27.6,1751550480847
0.0,0.0,3.892,27.8,1751550480916
0.0,0.0,3.902,27.8,1751550480989
31.70968246459961,-97.18641662597656,3.902,27.8,1751550481000
0.0,0.0,3.913,27.8,1751550481047
0.0,0.0,3.913,27.8,1751550481116
0.0,0.0,3.944,27.8,1751550481195
0.0,0.0,3.944,27.8,1751550481276
0.0,0.0,3.965,27.8,1751550481345
0.0,0.0,3.975,27.8,1751550481538
0.0,0.0,3.965,27.8,1751550481599
0.0,0.0,3.985,27.8,1751550481647
0.0,0.0,4.006,27.8,1751550481677
0.0,0.0,4.017,27.8,1751550481748
0.0,0.0,4.017,27.8,1751550481778
0.0,0.0,4.037,27.8,1751550481848
0.0,0.0,4.027,27.8,1751550481918
0.0,0.0,4.037,27.8,1751550481943
31.709688186645508,-97.1864013671875,4.058,27.8,1751550482000
0.0,0.0,4.058,27.8,1751550482045
0.0,0.0,4.069,27.8,1751550482077
0.0,0.0,4.079,27.8,1751550482193
0.0,0.0,4.1,27.8,1751550482230
0.0,0.0,4.121,27.8,1751550482340
0.0,0.0,4.121,27.8,1751550482411
0.0,0.0,4.131,27.8,1751550482589
0.0,0.0,4.131,27.8,1751550482611
0.0,0.0,4.131,27.8,1751550482683
0.0,0.0,4.131,27.8,1751550482713
0.0,0.0,4.152,27.8,1751550482784
0.0,0.0,4.162,27.8,1751550482815
0.0,0.0,4.152,27.8,1751550482886
0.0,0.0,4.162,27.8,1751550482960
31.709693908691406,-97.1864013671875,4.183,27.8,1751550483000
0.0,0.0,4.183,27.8,1751550483030
0.0,0.0,4.173,27.8,1751550483098
0.0,0.0,4.152,27.8,1751550483182
0.0,0.0,4.173,27.8,1751550483259
0.0,0.0,4.183,27.8,1751550483330
0.0,0.0,4.194,27.8,1751550483387
0.0,0.0,4.214,27.8,1751550483575
0.0,0.0,4.204,27.8,1751550483610
0.0,0.0,4.194,27.8,1751550483682
0.0,0.0,4.204,27.8,1751550483712
0.0,0.0,4.235,27.8,1751550483784
0.0,0.0,4.246,27.8,1751550483814
0.0,0.0,4.246,27.8,1751550483887
0.0,0.0,4.246,27.8,1751550483917
31.709697723388672,-97.18639373779297,4.256,28.0,1751550484000
0.0,0.0,4.256,28.0,1751550484015
0.0,0.0,4.246,28.0,1751550484080
0.0,0.0,4.256,28.0,1751550484158
0.0,0.0,4.246,28.0,1751550484235
0.0,0.0,4.246,28.0,1751550484289
0.0,0.0,4.266,28.0,1751550484371
0.0,0.0,4.287,28.0,1751550484557
0.0,0.0,4.277,28.0,1751550484579
0.0,0.0,4.256,28.0,1751550484651
0.0,0.0,4.266,28.0,1751550484682
0.0,0.0,4.277,28.0,1751550484752
0.0,0.0,4.318,28.0,1751550484783
0.0,0.0,4.318,28.0,1751550484853
0.0,0.0,4.318,28.0,1751550484920
0.0,0.0,4.308,28.0,1751550484986
31.709701538085938,-97.18639373779297,4.308,28.0,1751550485000
0.0,0.0,4.339,28.0,1751550485049
0.0,0.0,4.35,28.0,1751550485114
0.0,0.0,4.339,28.0,1751550485201
0.0,0.0,4.35,28.0,1751550485280
0.0,0.0,4.35,28.0,1751550485357
0.0,0.0,4.37,28.0,1751550485529
0.0,0.0,4.37,28.0,1751550485606
0.0,0.0,4.36,28.0,1751550485628
0.0,0.0,4.339,28.0,1751550485699
0.0,0.0,4.35,28.0,1751550485729
0.0,0.0,4.35,28.0,1751550485804
0.0,0.0,4.36,28.0,1751550485836
0.0,0.0,4.35,28.0,1751550485907
0.0,0.0,4.339,28.0,1751550485938
31.70970344543457,-97.18638610839844,4.339,28.0,1751550486000
0.0,0.0,4.339,28.0,1751550486042
0.0,0.0,4.339,28.0,1751550486077
0.0,0.0,4.36,28.0,1751550486228
0.0,0.0,4.35,28.0,1751550486323
0.0,0.0,4.35,28.0,1751550486362
0.0,0.0,4.35,28.0,1751550486587
0.0,0.0,4.37,28.0,1751550486626
0.0,0.0,4.381,28.0,1751550486698
0.0,0.0,4.381,28.0,1751550486729
0.0,0.0,4.381,28.0,1751550486801
0.0,0.0,4.381,28.0,1751550486831
0.0,0.0,4.391,28.0,1751550486903
0.0,0.0,4.391,28.2,1751550486934
31.709707260131836,-97.18638610839844,4.391,28.2,1751550487000
0.0,0.0,4.391,28.2,1751550487026
0.0,0.0,4.391,28.2,1751550487100
0.0,0.0,4.391,28.2,1751550487126
0.0,0.0,4.391,28.2,1751550487258
0.0,0.0,4.402,28.2,1751550487295
0.0,0.0,4.391,28.2,1751550487382
0.0,0.0,4.391,28.2,1751550487563
0.0,0.0,4.391,28.2,1751550487614
0.0,0.0,4.391,28.2,1751550487644
0.0,0.0,4.391,28.2,1751550487716
0.0,0.0,4.402,28.2,1751550487746
0.0,0.0,4.402,28.2,1751550487817
0.0,0.0,4.412,28.2,1751550487848
0.0,0.0,4.402,28.2,1751550487918
31.7097110748291,-97.1863784790039,4.412,28.2,1751550488000
0.0,0.0,4.412,28.2,1751550488001
0.0,0.0,4.402,28.2,1751550488027
0.0,0.0,4.422,28.2,1751550488141
0.0,0.0,4.422,28.2,1751550488184
0.0,0.0,4.422,28.2,1751550488294
0.0,0.0,4.422,28.2,1751550488364
0.0,0.0,4.422,28.2,1751550488524
0.0,0.0,4.422,28.2,1751550488558
0.0,0.0,4.422,28.2,1751550488628
0.0,0.0,4.422,28.2,1751550488658
0.0,0.0,4.422,28.2,1751550488728
0.0,0.0,4.422,28.2,1751550488759
0.0,0.0,4.422,28.2,1751550488829
0.0,0.0,4.422,28.2,1751550488912
0.0,0.0,4.422,28.2,1751550488943
31.709714889526367,-97.18638610839844,4.433,28.2,1751550489000
0.0,0.0,4.433,28.2,1751550489043
0.0,0.0,4.433,28.2,1751550489076
0.0,0.0,4.433,28.2,1751550489191
0.0,0.0,4.433,28.2,1751550489229
0.0,0.0,4.454,28.2,1751550489351
0.0,0.0,4.454,28.2,1751550489378
0.0,0.0,4.454,28.2,1751550489590
0.0,0.0,4.454,28.2,1751550489612
0.0,0.0,4.454,28.2,1751550489683
0.0,0.0,4.454,28.2,1751550489715
0.0,0.0,4.454,28.2,1751550489785
0.0,0.0,4.454,28.2,1751550489816
0.0,0.0,4.454,28.2,1751550489887
0.0,0.0,4.454,28.6,1751550489956
31.7097225189209,-97.18638610839844,4.454,28.6,1751550490000
0.0,0.0,4.454,28.6,1751550490020
0.0,0.0,4.454,28.6,1751550490082
0.0,0.0,4.454,28.6,1751550490153
0.0,0.0,4.454,28.6,1751550490236
0.0,0.0,4.454,28.6,1751550490304
0.0,0.0,4.443,28.6,1751550490407
0.0,0.0,4.454,28.6,1751550490559
0.0,0.0,4.454,28.6,1751550490613
0.0,0.0,4.464,28.6,1751550490643
0.0,0.0,4.464,28.6,1751550490711
0.0,0.0,4.464,28.6,1751550490740
0.0,0.0,4.464,28.6,1751550490809
31.709726333618164,-97.1863784790039,4.464,28.6,1751550491000
0.0,0.0,4.464,28.6,1751550491043
0.0,0.0,4.464,28.6,1751550491076
0.0,0.0,4.464,28.6,1751550491181
0.0,0.0,4.454,28.6,1751550491211
0.0,0.0,4.454,28.6,1751550491361
0.0,0.0,4.464,28.6,1751550491497
0.0,0.0,4.454,28.6,1751550491569
0.0,0.0,4.464,28.6,1751550491601
0.0,0.0,4.454,28.6,1751550491670
0.0,0.0,4.454,28.6,1751550491700
0.0,0.0,4.454,28.6,1751550491768
0.0,0.0,4.454,28.6,1751550491798
0.0,0.0,4.454,28.6,1751550491867
0.0,0.0,4.454,28.6,1751550491899
0.0,0.0,4.464,28.6,1751550491986
31.70973014831543,-97.1863784790039,4.464,28.6,1751550492000
0.0,0.0,4.464,28.6,1751550492044
0.0,0.0,4.464,28.6,1751550492111
0.0,0.0,4.443,28.6,1751550492193
0.0,0.0,4.454,28.6,1751550492271
0.0,0.0,4.433,28.6,1751550492501
0.0,0.0,4.443,28.6,1751550492575
0.0,0.0,4.443,28.6,1751550492610
0.0,0.0,4.443,28.6,1751550492677
0.0,0.0,4.443,28.6,1751550492706
0.0,0.0,4.443,28.6,1751550492773
0.0,0.0,4.443,28.6,1751550492801
0.0,0.0,4.443,28.6,1751550492883
0.0,0.0,4.443,28.8,1751550492945
31.709735870361328,-97.18637084960938,4.443,28.8,1751550493000
0.0,0.0,4.443,28.8,1751550493011
0.0,0.0,4.443,28.8,1751550493090
0.0,0.0,4.443,28.8,1751550493170
0.0,0.0,4.443,28.8,1751550493246
0.0,0.0,4.443,28.8,1751550493317
0.0,0.0,4.443,28.8,1751550493506
0.0,0.0,4.443,28.8,1751550493544
0.0,0.0,4.443,28.8,1751550493608
0.0,0.0,4.443,28.8,1751550493638
0.0,0.0,4.433,28.8,1751550493702
0.0,0.0,4.443,28.8,1751550493729
0.0,0.0,4.433,28.8,1751550493796
0.0,0.0,4.433,28.8,1751550493871
0.0,0.0,4.433,28.8,1751550493909
31.709735870361328,-97.18636322021484,4.433,28.8,1751550494000
0.0,0.0,4.433,28.8,1751550494001
0.0,0.0,4.433,28.8,1751550494075
0.0,0.0,4.443,28.8,1751550494144
0.0,0.0,4.443,28.8,1751550494238
0.0,0.0,4.443,28.8,1751550494278
0.0,0.0,4.443,28.8,1751550494486
0.0,0.0,4.443,28.8,1751550494550
0.0,0.0,4.443,28.8,1751550494601
0.0,0.0,4.433,28.8,1751550494627
0.0,0.0,4.433,28.8,1751550494694
0.0,0.0,4.422,28.8,1751550494721
0.0,0.0,4.422,28.8,1751550494787
0.0,0.0,4.422,28.8,1751550494850
0.0,0.0,4.412,28.8,1751550494907
0.0,0.0,4.412,28.8,1751550494977
31.70973777770996,-97.18636322021484,4.412,28.8,1751550495000
0.0,0.0,4.412,28.8,1751550495043
0.0,0.0,4.412,28.8,1751550495111
0.0,0.0,4.412,28.8,1751550495203
0.0,0.0,4.412,28.8,1751550495244
0.0,0.0,4.402,28.8,1751550495354
0.0,0.0,4.402,28.8,1751550495494
0.0,0.0,4.402,28.8,1751550495583
0.0,0.0,4.402,28.8,1751550495609
0.0,0.0,4.402,28.8,1751550495674
0.0,0.0,4.391,28.8,1751550495703
0.0,0.0,4.391,28.8,1751550495769
0.0,0.0,4.391,28.8,1751550495830
0.0,0.0,4.402,28.8,1751550495894
31.709741592407227,-97.18636322021484,4.381,28.8,1751550496000
0.0,0.0,4.381,28.8,1751550496009
0.0,0.0,4.381,28.8,1751550496043
0.0,0.0,4.37,28.8,1751550496196
0.0,0.0,4.37,28.8,1751550496227
0.0,0.0,4.36,28.8,1751550496305
0.0,0.0,4.36,28.8,1751550496507
0.0,0.0,4.35,28.8,1751550496542
0.0,0.0,4.35,28.8,1751550496606
0.0,0.0,4.339,28.8,1751550496635
0.0,0.0,4.339,28.8,1751550496703
0.0,0.0,4.339,28.8,1751550496731
0.0,0.0,4.318,28.8,1751550496798
0.0,0.0,4.329,28.8,1751550496909
0.0,0.0,4.318,28.8,1751550496942
31.709745407104492,-97.18635559082031,4.318,28.8,1751550497000
0.0,0.0,4.318,28.8,1751550497007
0.0,0.0,4.318,28.8,1751550497079
0.0,0.0,4.298,28.8,1751550497110
0.0,0.0,4.298,28.8,1751550497261
0.0,0.0,4.298,28.8,1751550497294
0.0,0.0,4.298,28.8,1751550497488
0.0,0.0,4.277,28.8,1751550497560
0.0,0.0,4.256,28.8,1751550497593
0.0,0.0,4.256,28.8,1751550497657
0.0,0.0,4.256,28.8,1751550497684
0.0,0.0,4.246,28.8,1751550497749
0.0,0.0,4.246,28.8,1751550497942
0.0,0.0,4.246,28.8,1751550497976
31.709749221801758,-97.18635559082031,4.246,28.8,1751550498000
0.0,0.0,4.235,28.8,1751550498041
0.0,0.0,4.214,28.8,1751550498067
0.0,0.0,4.225,28.8,1751550498135
0.0,0.0,4.214,28.8,1751550498224
0.0,0.0,4.194,28.8,1751550498261
0.0,0.0,4.194,28.8,1751550498358
0.0,0.0,4.194,28.8,1751550498539
0.0,0.0,4.183,28.8,1751550498576
0.0,0.0,4.162,28.8,1751550498640
0.0,0.0,4.152,28.8,1751550498668
0.0,0.0,4.141,28.8,1751550498735
0.0,0.0,4.131,28.8,1751550498762
0.0,0.0,4.121,28.8,1751550498844
0.0,0.0,4.121,29.0,1751550498910
0.0,0.0,4.1,29.0,1751550498978
31.70975112915039,-97.18634796142578,4.1,29.0,1751550499000
0.0,0.0,4.079,29.0,1751550499043
0.0,0.0,4.069,29.0,1751550499111
0.0,0.0,4.079,29.0,1751550499191
0.0,0.0,4.058,29.0,1751550499269
0.0,0.0,4.048,29.0,1751550499334
0.0,0.0,4.048,29.0,1751550499523
0.0,0.0,4.037,29.0,1751550499597
0.0,0.0,4.017,29.0,1751550499645
0.0,0.0,4.006,29.0,1751550499672
0.0,0.0,3.996,29.0,1751550499738
0.0,0.0,3.985,29.0,1751550499766
0.0,0.0,3.985,29.0,1751550499832
0.0,0.0,3.975,29.0,1751550499861
0.0,0.0,3.954,29.0,1751550499955
0.0,0.0,3.944,29.0,1751550499992
31.70975112915039,-97.18634796142578,3.944,29.0,1751550500000
0.0,0.0,3.933,29.0,1751550500083
0.0,0.0,3.933,29.0,1751550500162
0.0,0.0,3.913,29.0,1751550500231
0.0,0.0,3.902,29.0,1751550500303
0.0,0.0,3.902,29.0,1751550500376
0.0,0.0,3.902,29.0,1751550500449
0.0,0.0,3.892,29.0,1751550500637
0.0,0.0,3.871,29.0,1751550500659
0.0,0.0,3.861,29.0,1751550500726
0.0,0.0,3.85,29.0,1751550500755
0.0,0.0,3.85,29.0,1751550500821
0.0,0.0,3.829,29.0,1751550500850
0.0,0.0,3.798,29.0,1751550500934
0.0,0.0,3.788,29.0,1751550500996
31.70975685119629,-97.18634033203125,3.788,29.0,1751550501000
0.0,0.0,3.777,29.0,1751550501060
0.0,0.0,3.767,29.0,1751550501139
0.0,0.0,3.746,29.0,1751550501227
0.0,0.0,3.725,29.0,1751550501299
0.0,0.0,3.715,29.0,1751550501375
0.0,0.0,3.704,29.0,1751550501553
0.0,0.0,3.684,29.0,1751550501612
0.0,0.0,3.663,29.0,1751550501642
0.0,0.0,3.652,29.0,1751550501707
0.0,0.0,3.652,29.0,1751550501735
0.0,0.0,3.652,29.0,1751550501803
0.0,0.0,3.621,29.0,1751550501832
0.0,0.0,3.6,29.2,1751550501914
0.0,0.0,3.6,29.2,1751550501977
31.709758758544922,-97.18634033203125,3.6,29.2,1751550502000
0.0,0.0,3.58,29.2,1751550502045
0.0,0.0,3.59,29.2,1751550502111
0.0,0.0,3.58,29.2,1751550502210
0.0,0.0,3.548,29.2,1751550502243
0.0,0.0,3.548,29.2,1751550502355
0.0,0.0,3.548,29.2,1751550502507
0.0,0.0,3.517,29.2,1751550502603
0.0,0.0,3.486,29.2,1751550502626
0.0,0.0,3.486,29.2,1751550502693
0.0,0.0,3.486,29.2,1751550502720
0.0,0.0,3.475,29.2,1751550502788
0.0,0.0,3.444,29.2,1751550502815
0.0,0.0,3.434,29.2,1751550502899
0.0,0.0,3.434,29.2,1751550502957
31.709762573242188,-97.18634033203125,3.423,29.2,1751550503000
0.0,0.0,3.423,29.2,1751550503027
0.0,0.0,3.413,29.2,1751550503092
0.0,0.0,3.403,29.2,1751550503172
0.0,0.0,3.392,29.2,1751550503245
0.0,0.0,3.371,29.2,1751550503319
0.0,0.0,3.371,29.2,1751550503388
0.0,0.0,3.361,29.2,1751550503573
0.0,0.0,3.33,29.2,1751550503611
0.0,0.0,3.319,29.2,1751550503683
0.0,0.0,3.319,29.2,1751550503710
0.0,0.0,3.309,29.2,1751550503774
0.0,0.0,3.288,29.2,1751550503804
0.0,0.0,3.267,29.2,1751550503870
0.0,0.0,3.267,29.2,1751550503946
0.0,0.0,3.257,29.2,1751550503975
31.709766387939453,-97.18633270263672,3.257,29.2,1751550504000
0.0,0.0,3.236,29.2,1751550504066
0.0,0.0,3.236,29.2,1751550504144
0.0,0.0,3.205,29.2,1751550504220
0.0,0.0,3.215,29.2,1751550504302
0.0,0.0,3.205,29.2,1751550504372
0.0,0.0,3.184,29.2,1751550504562
0.0,0.0,3.163,29.2,1751550504624
0.0,0.0,3.153,29.2,1751550504678
0.0,0.0,3.153,29.2,1751550504706
0.0,0.0,3.132,29.2,1751550504770
0.0,0.0,3.122,29.2,1751550504796
0.0,0.0,3.101,29.2,1751550504863
0.0,0.0,3.09,29.2,1751550504927
0.0,0.0,3.09,29.2,1751550504990
31.70977020263672,-97.18632507324219,3.09,29.2,1751550505000
0.0,0.0,3.08,29.2,1751550505059
0.0,0.0,3.059,29.2,1751550505127
0.0,0.0,3.038,29.2,1751550505209
0.0,0.0,3.038,29.2,1751550505285
0.0,0.0,3.038,29.2,1751550505351
0.0,0.0,3.018,29.2,1751550505543
0.0,0.0,3.007,29.2,1751550505617
0.0,0.0,3.018,29.2,1751550505661
0.0,0.0,3.007,29.2,1751550505690
0.0,0.0,2.986,29.2,1751550505756
0.0,0.0,2.976,29.2,1751550505785
0.0,0.0,2.965,29.2,1751550505851
0.0,0.0,2.955,29.2,1751550505880
0.0,0.0,2.955,29.2,1751550505976
31.709779739379883,-97.18632507324219,2.945,29.2,1751550506000
0.0,0.0,2.945,29.2,1751550506008
0.0,0.0,2.924,29.2,1751550506099
0.0,0.0,2.924,29.2,1751550506189
0.0,0.0,2.924,29.2,1751550506269
0.0,0.0,2.903,29.2,1751550506335
0.0,0.0,2.882,29.2,1751550506525
0.0,0.0,2.882,29.2,1751550506560
0.0,0.0,2.882,29.2,1751550506632
0.0,0.0,2.872,29.2,1751550506659
0.0,0.0,2.851,29.2,1751550506726
0.0,0.0,2.861,29.2,1751550506755
0.0,0.0,2.872,29.2,1751550506822
0.0,0.0,2.872,29.2,1751550506886
0.0,0.0,2.861,29.2,1751550506943
31.70978546142578,-97.18631744384766,2.861,29.2,1751550507000
0.0,0.0,2.861,29.2,1751550507010
0.0,0.0,2.841,29.2,1751550507076
0.0,0.0,2.841,29.2,1751550507174
0.0,0.0,2.841,29.2,1751550507211
0.0,0.0,2.83,29.2,1751550507322
0.0,0.0,2.82,29.2,1751550507465
0.0,0.0,2.809,29.2,1751550507563
0.0,0.0,2.809,29.2,1751550507591
0.0,0.0,2.789,29.2,1751550507656
0.0,0.0,2.757,29.2,1751550507683
0.0,0.0,2.737,29.2,1751550507752
0.0,0.0,2.726,29.2,1751550507779
0.0,0.0,2.716,29.2,1751550507865
0.0,0.0,2.716,29.4,1751550507924
31.709789276123047,-97.18630981445312,2.716,29.4,1751550508000
0.0,0.0,2.705,29.4,1751550508108
0.0,0.0,2.674,29.4,1751550508241
0.0,0.0,2.674,29.4,1751550508277
0.0,0.0,2.653,29.4,1751550508592
0.0,0.0,2.643,29.4,1751550508625
0.0,0.0,2.632,29.4,1751550508690
0.0,0.0,2.632,29.4,1751550508716
0.0,0.0,2.622,29.4,1751550508784
0.0,0.0,2.622,29.4,1751550508813
0.0,0.0,2.622,29.4,1751550508880
0.0,0.0,2.612,29.4,1751550508908
0.0,0.0,2.601,29.4,1751550508990
31.70979118347168,-97.18631744384766,2.601,29.4,1751550509000
0.0,0.0,2.591,29.4,1751550509060
0.0,0.0,2.612,29.4,1751550509123
0.0,0.0,2.601,29.4,1751550509213
0.0,0.0,2.591,29.4,1751550509282
0.0,0.0,2.57,29.4,1751550509354
0.0,0.0,2.57,29.4,1751550509548
0.0,0.0,2.56,29.4,1751550509602
0.0,0.0,2.57,29.4,1751550509632
0.0,0.0,2.56,29.4,1751550509700
0.0,0.0,2.539,29.4,1751550509729
0.0,0.0,2.528,29.4,1751550509796
0.0,0.0,2.518,29.4,1751550509822
0.0,0.0,2.518,29.4,1751550509893
0.0,0.0,2.487,29.4,1751550509967
31.709796905517578,-97.18631744384766,2.476,29.4,1751550510000
0.0,0.0,2.476,29.4,1751550510009
0.0,0.0,2.466,29.4,1751550510101
0.0,0.0,2.466,29.4,1751550510143
0.0,0.0,2.456,29.4,1751550510265
0.0,0.0,2.456,29.4,1751550510293
0.0,0.0,2.445,29.4,1751550510518
0.0,0.0,2.445,29.4,1751550510560
0.0,0.0,2.435,29.4,1751550510633
0.0,0.0,2.424,29.4,1751550510662
0.0,0.0,2.424,29.4,1751550510729
0.0,0.0,2.414,29.4,1751550510757
0.0,0.0,2.414,29.4,1751550510826
0.0,0.0,2.414,29.4,1751550510855
0.0,0.0,2.414,29.4,1751550510952
0.0,0.0,2.404,29.4,1751550510991
31.709800720214844,-97.18631744384766,2.404,29.4,1751550511000
0.0,0.0,2.404,29.4,1751550511084
0.0,0.0,2.383,29.4,1751550511126
0.0,0.0,2.383,29.4,1751550511237
0.0,0.0,2.383,29.4,1751550511276
0.0,0.0,2.383,29.4,1751550511427
0.0,0.0,2.372,29.4,1751550511605
0.0,0.0,2.362,29.4,1751550511642
0.0,0.0,2.351,29.4,1751550511708
0.0,0.0,2.341,29.4,1751550511737
0.0,0.0,2.331,29.4,1751550511804
0.0,0.0,2.331,29.4,1751550511868
0.0,0.0,2.32,29.4,1751550511925
0.0,0.0,2.31,29.4,1751550511993
31.709810256958008,-97.18631744384766,2.31,29.4,1751550512000
0.0,0.0,2.31,29.4,1751550512056
0.0,0.0,2.31,29.4,1751550512126
0.0,0.0,2.289,29.4,1751550512213
0.0,0.0,2.279,29.4,1751550512281
0.0,0.0,2.279,29.4,1751550512351
0.0,0.0,2.279,29.4,1751550512420
0.0,0.0,2.279,29.4,1751550512605
0.0,0.0,2.268,29.4,1751550512643
0.0,0.0,2.268,29.4,1751550512713
0.0,0.0,2.258,29.4,1751550512740
0.0,0.0,2.258,29.4,1751550512808
0.0,0.0,2.258,29.4,1751550512837
0.0,0.0,2.247,29.4,1751550512903
0.0,0.0,2.237,29.4,1751550512980
31.709814071655273,-97.18631744384766,2.237,29.4,1751550513000
0.0,0.0,2.237,29.4,1751550513008
0.0,0.0,2.237,29.4,1751550513104
0.0,0.0,2.227,29.4,1751550513189
0.0,0.0,2.227,29.4,1751550513267
0.0,0.0,2.216,29.4,1751550513332
0.0,0.0,2.216,29.4,1751550513514
0.0,0.0,2.195,29.4,1751550513580
0.0,0.0,2.185,29.4,1751550513633
0.0,0.0,2.185,29.4,1751550513666
0.0,0.0,2.185,29.4,1751550513733
0.0,0.0,2.185,29.4,1751550513762
0.0,0.0,2.175,29.4,1751550513830
0.0,0.0,2.164,29.4,1751550513892
0.0,0.0,2.164,29.4,1751550513958
31.70981788635254,-97.18630981445312,2.154,29.4,1751550514000
0.0,0.0,2.154,29.4,1751550514023
0.0,0.0,2.154,29.4,1751550514092
0.0,0.0,2.143,29.4,1751550514226
0.0,0.0,2.133,29.4,1751550514314
0.0,0.0,2.133,29.4,1751550514495
0.0,0.0,2.133,29.4,1751550514568
0.0,0.0,2.123,29.4,1751550514594
0.0,0.0,2.112,29.4,1751550514664
0.0,0.0,2.102,29.4,1751550514691
0.0,0.0,2.102,29.4,1751550514759
0.0,0.0,2.102,29.4,1751550514788
0.0,0.0,2.091,29.4,1751550514871
0.0,0.0,2.081,29.4,1751550514939
31.709821701049805,-97.18630981445312,2.081,29.4,1751550515000
0.0,0.0,2.081,29.4,1751550515008
0.0,0.0,2.081,29.4,1751550515072
0.0,0.0,2.07,29.4,1751550515148
0.0,0.0,2.06,29.4,1751550515226
0.0,0.0,2.07,29.4,1751550515300
0.0,0.0,2.07,29.4,1751550515483
0.0,0.0,2.06,29.4,1751550515554
0.0,0.0,2.06,29.4,1751550515593
0.0,0.0,2.05,29.4,1751550515663
0.0,0.0,2.05,29.4,1751550515689
0.0,0.0,2.039,29.4,1751550515756
0.0,0.0,2.039,29.4,1751550515785
0.0,0.0,2.029,29.4,1751550515851
0.0,0.0,2.018,29.4,1751550515915
0.0,0.0,2.018,29.4,1751550515976
31.709823608398438,-97.18630981445312,2.018,29.4,1751550516000
0.0,0.0,2.008,29.4,1751550516042
0.0,0.0,1.998,29.4,1751550516110
0.0,0.0,1.987,29.4,1751550516210
0.0,0.0,1.987,29.4,1751550516242
0.0,0.0,1.987,29.4,1751550516353
0.0,0.0,1.977,29.4,1751550516508
0.0,0.0,1.977,29.4,1751550516607
0.0,0.0,1.966,29.4,1751550516641
0.0,0.0,1.977,29.4,1751550516705
0.0,0.0,1.977,29.4,1751550516732
0.0,0.0,1.966,29.4,1751550516798
0.0,0.0,1.966,29.4,1751550516825
0.0,0.0,1.956,29.4,1751550516894
0.0,0.0,1.956,29.6,1751550516976
31.709827423095703,-97.18630981445312,1.956,29.6,1751550517000
0.0,0.0,1.956,29.6,1751550517008
0.0,0.0,1.956,29.6,1751550517106
0.0,0.0,1.956,29.6,1751550517142
0.0,0.0,1.946,29.6,1751550517264
0.0,0.0,1.946,29.6,1751550517292
0.0,0.0,1.935,29.6,1751550517518
0.0,0.0,1.925,29.6,1751550517543
0.0,0.0,1.925,29.6,1751550517621
0.0,0.0,1.925,29.6,1751550517654
0.0,0.0,1.914,29.6,1751550517728
0.0,0.0,1.914,29.6,1751550517755
0.0,0.0,1.914,29.6,1751550517821
0.0,0.0,1.914,29.6,1751550517850
0.0,0.0,1.894,29.6,1751550517945
0.0,0.0,1.894,29.6,1751550517974
31.709829330444336,-97.18630981445312,1.894,29.6,1751550518000
0.0,0.0,1.894,29.6,1751550518065
0.0,0.0,1.883,29.6,1751550518157
0.0,0.0,1.883,29.6,1751550518192
0.0,0.0,1.883,29.6,1751550518302
0.0,0.0,1.873,29.6,1751550518342
0.0,0.0,1.873,29.6,1751550518569
0.0,0.0,1.873,29.6,1751550518609
0.0,0.0,1.862,29.6,1751550518679
0.0,0.0,1.862,29.6,1751550518706
0.0,0.0,1.862,29.6,1751550518772
0.0,0.0,1.852,29.6,1751550518800
0.0,0.0,1.852,29.6,1751550518867
0.0,0.0,1.842,29.6,1751550518930
0.0,0.0,1.842,29.6,1751550518988
31.70983123779297,-97.18630981445312,1.842,29.6,1751550519000
0.0,0.0,1.842,29.6,1751550519058
0.0,0.0,1.831,29.6,1751550519125
0.0,0.0,1.831,29.6,1751550519208
0.0,0.0,1.821,29.6,1751550519283
0.0,0.0,1.821,29.6,1751550519347
0.0,0.0,1.821,29.6,1751550519533
0.0,0.0,1.831,29.6,1751550519600
0.0,0.0,1.821,29.6,1751550519626
0.0,0.0,1.821,29.6,1751550519701
0.0,0.0,1.81,29.6,1751550519730
0.0,0.0,1.81,29.6,1751550519797
0.0,0.0,1.81,29.6,1751550519825
0.0,0.0,1.8,29.6,1751550519908
0.0,0.0,1.8,29.6,1751550519972
31.709835052490234,-97.18630981445312,1.8,29.6,1751550520000
0.0,0.0,1.8,29.6,1751550520041
0.0,0.0,1.79,29.6,1751550520105
0.0,0.0,1.8,29.6,1751550520191
0.0,0.0,1.8,29.6,1751550520269
0.0,0.0,1.79,29.6,1751550520334
0.0,0.0,1.779,29.6,1751550520518
0.0,0.0,1.779,29.6,1751550520587
0.0,0.0,1.779,29.6,1751550520626
0.0,0.0,1.769,29.6,1751550520698
0.0,0.0,1.769,29.6,1751550520726
0.0,0.0,1.769,29.6,1751550520794
0.0,0.0,1.769,29.6,1751550520821
0.0,0.0,1.758,29.6,1751550520890
0.0,0.0,1.758,29.6,1751550520954
31.709840774536133,-97.18630981445312,1.748,29.6,1751550521000
0.0,0.0,1.748,29.6,1751550521022
0.0,0.0,1.758,29.6,1751550521092
0.0,0.0,1.758,29.6,1751550521167
0.0,0.0,1.748,29.6,1751550521246
0.0,0.0,1.748,29.6,1751550521313
0.0,0.0,1.748,29.6,1751550521413
0.0,0.0,1.748,29.6,1751550521566
0.0,0.0,1.737,29.6,1751550521649
0.0,0.0,1.737,29.6,1751550521673
0.0,0.0,1.748,29.6,1751550521740
0.0,0.0,1.748,29.6,1751550521769
0.0,0.0,1.727,29.6,1751550521863
0.0,0.0,1.737,29.6,1751550521891
0.0,0.0,1.748,29.6,1751550521986
31.709842681884766,-97.18630981445312,1.748,29.6,1751550522000
0.0,0.0,1.748,29.6,1751550522058
0.0,0.0,1.737,29.6,1751550522127
0.0,0.0,1.737,29.6,1751550522227
0.0,0.0,1.748,29.6,1751550522258
0.0,0.0,1.748,29.6,1751550522368
0.0,0.0,1.748,29.6,1751550522508
0.0,0.0,1.758,29.6,1751550522611
0.0,0.0,1.758,29.6,1751550522642
0.0,0.0,1.758,29.6,1751550522711
0.0,0.0,1.769,29.6,1751550522740
0.0,0.0,1.758,29.6,1751550522806
0.0,0.0,1.769,29.6,1751550522836
0.0,0.0,1.758,29.8,1751550522920
0.0,0.0,1.758,29.8,1751550522993
31.7098445892334,-97.1863021850586,1.758,29.8,1751550523000
0.0,0.0,1.779,29.8,1751550523057
0.0,0.0,1.769,29.8,1751550523123
0.0,0.0,1.769,29.8,1751550523210
0.0,0.0,1.769,29.8,1751550523280
0.0,0.0,1.758,29.8,1751550523351
0.0,0.0,1.748,29.8,1751550523415
0.0,0.0,1.737,29.8,1751550523603
0.0,0.0,1.727,29.8,1751550523642
0.0,0.0,1.727,29.8,1751550523718
0.0,0.0,1.717,29.8,1751550523746
0.0,0.0,1.706,29.8,1751550523814
0.0,0.0,1.706,29.8,1751550523842
0.0,0.0,1.706,29.8,1751550523912
0.0,0.0,1.696,29.8,1751550523939
31.70984649658203,-97.1863021850586,1.696,29.8,1751550524000
0.0,0.0,1.696,29.8,1751550524034
0.0,0.0,1.685,29.8,1751550524073
0.0,0.0,1.696,29.8,1751550524183
0.0,0.0,1.685,29.8,1751550524208
0.0,0.0,1.685,29.8,1751550524318
0.0,0.0,1.675,29.8,1751550524358
0.0,0.0,1.675,29.8,1751550524582
0.0,0.0,1.665,29.8,1751550524608
0.0,0.0,1.665,29.8,1751550524686
0.0,0.0,1.654,29.8,1751550524717
0.0,0.0,1.654,29.8,1751550524783
0.0,0.0,1.644,29.8,1751550524811
0.0,0.0,1.644,29.8,1751550524880
0.0,0.0,1.644,29.8,1751550524946
31.70984649658203,-97.1863021850586,1.644,29.8,1751550525000
0.0,0.0,1.644,29.8,1751550525007
0.0,0.0,1.623,29.8,1751550525079
0.0,0.0,1.613,29.8,1751550525151
0.0,0.0,1.613,29.8,1751550525234
0.0,0.0,1.623,29.8,1751550525304
0.0,0.0,1.623,29.8,1751550525502
0.0,0.0,1.623,29.8,1751550525566
0.0,0.0,1.633,29.8,1751550525632
0.0,0.0,1.633,29.8,1751550525666
0.0,0.0,1.623,29.8,1751550525740
0.0,0.0,1.623,29.8,1751550525768
0.0,0.0,1.602,29.8,1751550525837
0.0,0.0,1.592,29.8,1751550525863
0.0,0.0,1.613,29.8,1751550525932
0.0,0.0,1.613,29.8,1751550525999
31.70984649658203,-97.1863021850586,1.613,29.8,1751550526000
0.0,0.0,1.602,29.8,1751550526056
0.0,0.0,1.581,29.8,1751550526125
0.0,0.0,1.571,29.8,1751550526211
0.0,0.0,1.571,29.8,1751550526282
0.0,0.0,1.55,29.8,1751550526346
0.0,0.0,1.55,29.8,1751550526447
0.0,0.0,1.54,29.8,1751550526618
0.0,0.0,1.55,29.8,1751550526659
0.0,0.0,1.561,29.8,1751550526738
0.0,0.0,1.561,29.8,1751550526772
0.0,0.0,1.561,29.8,1751550526841
0.0,0.0,1.55,29.8,1751550526958
0.0,0.0,1.519,29.8,1751550526992
31.709848403930664,-97.1863021850586,1.519,29.8,1751550527000
0.0,0.0,1.529,29.8,1751550527058
0.0,0.0,1.55,29.8,1751550527135
0.0,0.0,1.54,29.8,1751550527184
0.0,0.0,1.561,29.8,1751550527286
0.0,0.0,1.561,29.8,1751550527313
0.0,0.0,1.561,29.8,1751550527442
0.0,0.0,1.54,29.8,1751550527597
0.0,0.0,1.519,29.8,1751550527627
0.0,0.0,1.529,29.8,1751550527704
0.0,0.0,1.529,29.8,1751550527736
0.0,0.0,1.54,29.8,1751550527806
0.0,0.0,1.55,29.8,1751550527835
0.0,0.0,1.54,29.8,1751550527900
0.0,0.0,1.519,29.8,1751550527928
31.709848403930664,-97.18629455566406,1.519,29.8,1751550528000
0.0,0.0,1.519,29.8,1751550528023
0.0,0.0,1.519,29.8,1751550528057
0.0,0.0,1.519,29.8,1751550528159
0.0,0.0,1.519,29.8,1751550528231
0.0,0.0,1.529,29.8,1751550528300
0.0,0.0,1.529,29.8,1751550528396
0.0,0.0,1.519,29.8,1751550528553
0.0,0.0,1.519,29.8,1751550528592
0.0,0.0,1.498,29.8,1751550528670
0.0,0.0,1.498,29.8,1751550528703
0.0,0.0,1.488,29.8,1751550528774
0.0,0.0,1.509,29.8,1751550528802
0.0,0.0,1.509,29.8,1751550528867
0.0,0.0,1.509,29.8,1751550528932
0.0,0.0,1.498,29.8,1751550528992
31.709848403930664,-97.18629455566406,1.498,29.8,1751550529000
0.0,0.0,1.488,29.8,1751550529056
0.0,0.0,1.477,29.8,1751550529135
0.0,0.0,1.498,29.8,1751550529226
0.0,0.0,1.488,29.8,1751550529295
0.0,0.0,1.498,29.8,1751550529365
0.0,0.0,1.477,29.8,1751550529543
0.0,0.0,1.477,29.8,1751550529600
0.0,0.0,1.477,29.8,1751550529632
0.0,0.0,1.456,29.8,1751550529711
0.0,0.0,1.456,29.8,1751550529744
0.0,0.0,1.456,29.8,1751550529812
0.0,0.0,1.467,29.8,1751550529839
0.0,0.0,1.456,29.8,1751550529919
0.0,0.0,1.446,29.8,1751550529989
31.709848403930664,-97.18629455566406,1.446,29.8,1751550530000
0.0,0.0,1.446,29.8,1751550530054
0.0,0.0,1.456,29.8,1751550530123
0.0,0.0,1.477,29.8,1751550530207
0.0,0.0,1.509,29.8,1751550530282
0.0,0.0,1.519,29.8,1751550530345
0.0,0.0,1.519,29.8,1751550530443
0.0,0.0,1.54,29.8,1751550530596
0.0,0.0,1.55,29.8,1751550530626
0.0,0.0,1.561,29.8,1751550530702
0.0,0.0,1.54,29.8,1751550530736
0.0,0.0,1.55,29.8,1751550530803
0.0,0.0,1.561,29.8,1751550530830
0.0,0.0,1.561,29.8,1751550530898
0.0,0.0,1.561,29.8,1751550530989
31.709848403930664,-97.18629455566406,1.561,29.8,1751550531000
0.0,0.0,1.519,29.8,1751550531023
0.0,0.0,1.477,29.8,1751550531103
0.0,0.0,1.456,29.8,1751550531189
0.0,0.0,1.467,29.8,1751550531267
0.0,0.0,1.467,29.8,1751550531293
0.0,0.0,1.446,29.8,1751550531510
0.0,0.0,1.456,29.8,1751550531542
0.0,0.0,1.456,29.8,1751550531618
0.0,0.0,1.456,29.8,1751550531651
0.0,0.0,1.456,29.8,1751550531728
0.0,0.0,1.467,29.8,1751550531756
0.0,0.0,1.467,29.8,1751550531821
0.0,0.0,1.488,29.8,1751550531846
0.0,0.0,1.498,29.8,1751550531943
0.0,0.0,1.509,29.8,1751550531974
31.709850311279297,-97.18629455566406,1.509,29.8,1751550532000
0.0,0.0,1.488,29.8,1751550532064
0.0,0.0,1.467,29.8,1751550532153
0.0,0.0,1.477,29.8,1751550532193
0.0,0.0,1.477,29.8,1751550532301
0.0,0.0,1.467,29.8,1751550532341
0.0,0.0,1.456,29.8,1751550532562
0.0,0.0,1.446,29.8,1751550532592
0.0,0.0,1.436,29.8,1751550532671
0.0,0.0,1.425,29.8,1751550532703
0.0,0.0,1.415,29.8,1751550532771
0.0,0.0,1.415,29.8,1751550532799
0.0,0.0,1.394,29.8,1751550532866
0.0,0.0,1.436,29.8,1751550532926
0.0,0.0,1.446,29.8,1751550532991
31.709850311279297,-97.18629455566406,1.446,29.8,1751550533000
0.0,0.0,1.446,29.8,1751550533055
0.0,0.0,1.456,29.8,1751550533123
0.0,0.0,1.456,29.8,1751550533206
0.0,0.0,1.467,29.8,1751550533281
0.0,0.0,1.456,29.8,1751550533346
0.0,0.0,1.446,29.8,1751550533444
0.0,0.0,1.446,29.8,1751550533600
0.0,0.0,1.436,29.8,1751550533642
0.0,0.0,1.446,29.8,1751550533717
0.0,0.0,1.436,29.8,1751550533744
0.0,0.0,1.404,29.8,1751550533811
0.0,0.0,1.404,29.8,1751550533842
0.0,0.0,1.415,29.8,1751550533908
0.0,0.0,1.404,29.8,1751550533970
31.709850311279297,-97.18629455566406,1.404,29.8,1751550534000
0.0,0.0,1.404,29.8,1751550534039
0.0,0.0,1.394,29.8,1751550534104
0.0,0.0,1.394,29.8,1751550534188
0.0,0.0,1.404,29.8,1751550534264
0.0,0.0,1.394,29.8,1751550534329
0.0,0.0,1.404,29.8,1751550534427
0.0,0.0,1.384,29.8,1751550534578
0.0,0.0,1.384,29.8,1751550534607
0.0,0.0,1.373,29.8,1751550534684
0.0,0.0,1.394,29.8,1751550534714
0.0,0.0,1.373,29.8,1751550534779
0.0,0.0,1.384,29.8,1751550534808
0.0,0.0,1.404,29.8,1751550534886
0.0,0.0,1.404,29.8,1751550534956
31.709850311279297,-97.18629455566406,1.415,29.8,1751550535000
0.0,0.0,1.415,29.8,1751550535020
0.0,0.0,1.404,29.8,1751550535089
0.0,0.0,1.384,29.8,1751550535161
0.0,0.0,1.394,29.8,1751550535237
0.0,0.0,1.384,29.8,1751550535311
0.0,0.0,1.394,29.8,1751550535490
0.0,0.0,1.415,29.8,1751550535562
0.0,0.0,1.404,29.8,1751550535592
0.0,0.0,1.404,29.8,1751550535668
0.0,0.0,1.394,29.8,1751550535696
0.0,0.0,1.384,29.8,1751550535759
0.0,0.0,1.363,29.8,1751550535788
0.0,0.0,1.352,29.8,1751550535864
0.0,0.0,1.342,29.8,1751550535940
31.709850311279297,-97.18629455566406,1.352,29.8,1751550536000
0.0,0.0,1.352,29.8,1751550536004
0.0,0.0,1.342,29.8,1751550536084
0.0,0.0,1.352,29.8,1751550536125
0.0,0.0,1.342,29.8,1751550536230
0.0,0.0,1.311,29.8,1751550536294
0.0,0.0,1.29,29.8,1751550536472
0.0,0.0,1.29,29.8,1751550536545
0.0,0.0,1.269,29.8,1751550536601
0.0,0.0,1.28,29.8,1751550536634
0.0,0.0,1.28,29.8,1751550536700
0.0,0.0,1.29,29.8,1751550536728
0.0,0.0,1.3,29.8,1751550536793
0.0,0.0,1.311,29.8,1751550536822
0.0,0.0,1.3,29.8,1751550536915
0.0,0.0,1.29,29.8,1751550536956
31.709850311279297,-97.18629455566406,1.29,29.8,1751550537000
0.0,0.0,1.29,29.8,1751550537046
0.0,0.0,1.3,29.8,1751550537119
0.0,0.0,1.321,29.8,1751550537205
0.0,0.0,1.332,29.8,1751550537279
0.0,0.0,1.352,29.8,1751550537348
0.0,0.0,1.352,29.8,1751550537526
0.0,0.0,1.352,29.8,1751550537602
0.0,0.0,1.352,29.8,1751550537641
0.0,0.0,1.321,29.8,1751550537717
0.0,0.0,1.311,29.8,1751550537745
0.0,0.0,1.29,29.8,1751550537811
0.0,0.0,1.29,29.8,1751550537839
0.0,0.0,1.269,29.8,1751550537905
0.0,0.0,1.259,29.8,1751550537966
31.709850311279297,-97.18629455566406,1.259,29.8,1751550538000
0.0,0.0,1.259,29.8,1751550538023
0.0,0.0,1.259,29.8,1751550538089
0.0,0.0,1.248,29.8,1751550538169
0.0,0.0,1.248,29.8,1751550538249
0.0,0.0,1.248,29.8,1751550538313
0.0,0.0,1.228,29.8,1751550538410
0.0,0.0,1.248,29.8,1751550538560
0.0,0.0,1.269,29.8,1751550538591
0.0,0.0,1.3,29.8,1751550538667
0.0,0.0,1.332,29.8,1751550538700
0.0,0.0,1.352,29.8,1751550538768
0.0,0.0,1.373,29.8,1751550538795
0.0,0.0,1.363,29.8,1751550538877
0.0,0.0,1.363,29.8,1751550538936
31.709850311279297,-97.18629455566406,1.373,29.8,1751550539000
0.0,0.0,1.373,29.8,1751550539005
0.0,0.0,1.373,29.8,1751550539072
0.0,0.0,1.373,29.8,1751550539142
0.0,0.0,1.363,29.8,1751550539226
0.0,0.0,1.384,29.8,1751550539294
0.0,0.0,1.384,29.8,1751550539391
0.0,0.0,1.363,29.8,1751550539544
0.0,0.0,1.352,29.8,1751550539574
0.0,0.0,1.332,29.8,1751550539650
0.0,0.0,1.332,29.8,1751550539681
0.0,0.0,1.311,29.8,1751550539749
0.0,0.0,1.311,29.8,1751550539774
0.0,0.0,1.321,29.8,1751550539856
0.0,0.0,1.311,29.8,1751550539919
0.0,0.0,1.332,29.8,1751550539989
31.70985221862793,-97.18629455566406,1.332,29.8,1751550540000
0.0,0.0,1.352,29.8,1751550540055
0.0,0.0,1.352,29.8,1751550540122
0.0,0.0,1.332,29.8,1751550540203
0.0,0.0,1.342,29.8,1751550540280
0.0,0.0,1.363,29.8,1751550540344
0.0,0.0,1.373,29.8,1751550540528
0.0,0.0,1.373,29.8,1751550540599
0.0,0.0,1.363,29.8,1751550540625
0.0,0.0,1.373,29.8,1751550540701
0.0,0.0,1.384,29.8,1751550540728
0.0,0.0,1.384,29.8,1751550540796
0.0,0.0,1.394,29.8,1751550540824
0.0,0.0,1.373,30.0,1751550540905
0.0,0.0,1.394,30.0,1751550540973
31.70985221862793,-97.18629455566406,1.394,30.0,1751550541000
0.0,0.0,1.404,30.0,1751550541039
0.0,0.0,1.404,30.0,1751550541106
0.0,0.0,1.394,30.0,1751550541187
0.0,0.0,1.373,30.0,1751550541357
0.0,0.0,1.404,30.0,1751550541500
0.0,0.0,1.415,30.0,1751550541578
0.0,0.0,1.415,30.0,1751550541613
0.0,0.0,1.404,30.0,1751550541687
0.0,0.0,1.384,30.0,1751550541748
0.0,0.0,1.373,30.0,1751550541773
0.0,0.0,1.373,30.0,1751550541838
0.0,0.0,1.363,30.0,1751550541912
0.0,0.0,1.363,30.0,1751550541955
31.70985221862793,-97.18629455566406,1.363,30.0,1751550542000
0.0,0.0,1.384,30.0,1751550542055
0.0,0.0,1.404,30.0,1751550542089
0.0,0.0,1.415,30.0,1751550542158
0.0,0.0,1.415,30.0,1751550542256
0.0,0.0,1.415,30.0,1751550542290
0.0,0.0,1.394,30.0,1751550542608
0.0,0.0,1.394,30.0,1751550542644
0.0,0.0,1.404,30.0,1751550542722
0.0,0.0,1.415,30.0,1751550542801
0.0,0.0,1.446,30.0,1751550542840
0.0,0.0,1.446,30.0,1751550542956
0.0,0.0,1.436,30.0,1751550542990
31.70985221862793,-97.18629455566406,1.436,30.0,1751550543000
0.0,0.0,1.446,30.0,1751550543054
0.0,0.0,1.425,30.0,1751550543083
0.0,0.0,1.404,30.0,1751550543151
0.0,0.0,1.384,30.0,1751550543232
0.0,0.0,1.363,30.0,1751550543317
0.0,0.0,1.363,30.0,1751550543358
0.0,0.0,1.342,30.0,1751550543567
0.0,0.0,1.332,30.0,1751550543609
0.0,0.0,1.311,30.0,1751550543690
0.0,0.0,1.311,30.0,1751550543724
0.0,0.0,1.311,30.0,1751550543790
0.0,0.0,1.3,30.0,1751550543819
0.0,0.0,1.29,30.0,1751550543885
0.0,0.0,1.29,30.0,1751550543915
0.0,0.0,1.3,29.8,1751550543989
31.70985221862793,-97.18629455566406,1.3,29.8,1751550544000
0.0,0.0,1.311,29.8,1751550544054
0.0,0.0,1.3,29.8,1751550544121
0.0,0.0,1.3,29.8,1751550544207
0.0,0.0,1.311,29.8,1751550544277
0.0,0.0,1.311,29.8,1751550544347
0.0,0.0,1.311,29.8,1751550544411
0.0,0.0,1.3,29.8,1751550544601
0.0,0.0,1.29,29.8,1751550544627
0.0,0.0,1.3,29.8,1751550544703
0.0,0.0,1.311,29.8,1751550544736
0.0,0.0,1.29,29.8,1751550544808
0.0,0.0,1.3,29.8,1751550544838
0.0,0.0,1.332,29.8,1751550544906
0.0,0.0,1.342,29.8,1751550544971
31.70985221862793,-97.18628692626953,1.342,29.8,1751550545000
0.0,0.0,1.342,29.8,1751550545090
0.0,0.0,1.342,29.8,1751550545159
0.0,0.0,1.332,29.8,1751550545234
0.0,0.0,1.321,29.8,1751550545314
0.0,0.0,1.311,29.8,1751550545400
0.0,0.0,1.3,29.8,1751550545583
0.0,0.0,1.29,29.8,1751550545648
0.0,0.0,1.29,29.8,1751550545679
0.0,0.0,1.28,29.8,1751550545756
0.0,0.0,1.259,29.8,1751550545788
0.0,0.0,1.228,29.8,1751550545855
0.0,0.0,1.196,29.8,1751550545887
0.0,0.0,1.196,29.8,1751550545956
31.70985221862793,-97.18628692626953,1.196,29.8,1751550546000
0.0,0.0,1.196,29.8,1751550546022
0.0,0.0,1.228,29.8,1751550546085
0.0,0.0,1.248,29.8,1751550546164
0.0,0.0,1.269,29.8,1751550546317
0.0,0.0,1.28,29.8,1751550546345
0.0,0.0,1.311,29.8,1751550546533
0.0,0.0,1.321,29.8,1751550546568
0.0,0.0,1.342,29.8,1751550546649
0.0,0.0,1.342,29.8,1751550546673
0.0,0.0,1.352,29.8,1751550546757
0.0,0.0,1.373,29.8,1751550546810
0.0,0.0,1.363,29.8,1751550546889
0.0,0.0,1.352,29.8,1751550546964
31.709854125976562,-97.18628692626953,1.352,29.8,1751550547000
0.0,0.0,1.342,29.8,1751550547046
0.0,0.0,1.321,29.8,1751550547079
0.0,0.0,1.311,29.8,1751550547161
0.0,0.0,1.28,29.8,1751550547204
0.0,0.0,1.269,29.8,1751550547287
0.0,0.0,1.248,29.8,1751550547318
0.0,0.0,1.238,29.8,1751550547398
0.0,0.0,1.238,29.8,1751550547540
0.0,0.0,1.248,29.8,1751550547625
0.0,0.0,1.269,29.8,1751550547657
0.0,0.0,1.259,29.8,1751550547736
0.0,0.0,1.259,29.8,1751550547770
0.0,0.0,1.259,29.8,1751550547850
0.0,0.0,1.259,29.8,1751550547882
0.0,0.0,1.259,29.8,1751550547961
0.0,0.0,1.269,29.8,1751550547993
31.709854125976562,-97.18628692626953,1.269,29.8,1751550548000
0.0,0.0,1.269,29.8,1751550548066
0.0,0.0,1.269,29.8,1751550548094
0.0,0.0,1.259,29.8,1751550548209
0.0,0.0,1.238,29.8,1751550548241
0.0,0.0,1.217,29.8,1751550548337
0.0,0.0,1.175,29.8,1751550548411
0.0,0.0,1.186,29.8,1751550548603
0.0,0.0,1.175,29.8,1751550548640
0.0,0.0,1.186,29.8,1751550548720
0.0,0.0,1.175,29.8,1751550548753
0.0,0.0,1.165,29.8,1751550548833
0.0,0.0,1.165,29.8,1751550548864
0.0,0.0,1.165,29.8,1751550548941
0.0,0.0,1.155,29.8,1751550548969
31.709854125976562,-97.18628692626953,1.155,29.8,1751550549000
0.0,0.0,1.155,29.8,1751550549039
0.0,0.0,1.155,29.8,1751550549100
0.0,0.0,1.165,29.8,1751550549190
0.0,0.0,1.186,29.8,1751550549262
0.0,0.0,1.186,29.8,1751550549316
0.0,0.0,1.207,29.8,1751550549385
0.0,0.0,1.196,29.8,1751550549571
0.0,0.0,1.238,29.8,1751550549607
0.0,0.0,1.248,29.8,1751550549687
0.0,0.0,1.259,29.8,1751550549719
0.0,0.0,1.269,29.8,1751550549800
0.0,0.0,1.259,29.8,1751550549831
0.0,0.0,1.269,29.8,1751550549914
0.0,0.0,1.29,29.8,1751550549940
31.709854125976562,-97.18628692626953,1.28,29.8,1751550550000
0.0,0.0,1.28,29.8,1751550550012
0.0,0.0,1.248,29.8,1751550550078
0.0,0.0,1.238,29.8,1751550550147
0.0,0.0,1.196,29.8,1751550550227
0.0,0.0,1.196,29.8,1751550550294
0.0,0.0,1.144,29.8,1751550550394
0.0,0.0,1.123,29.8,1751550550547
0.0,0.0,1.134,29.8,1751550550615
0.0,0.0,1.144,29.8,1751550550650
0.0,0.0,1.175,29.8,1751550550731
0.0,0.0,1.175,29.8,1751550550764
0.0,0.0,1.165,29.8,1751550550846
0.0,0.0,1.165,29.8,1751550550878
0.0,0.0,1.196,29.8,1751550550952
0.0,0.0,1.238,29.8,1751550550977
31.709854125976562,-97.18628692626953,1.238,29.8,1751550551000
0.0,0.0,1.29,29.8,1751550551059
0.0,0.0,1.321,29.8,1751550551125
0.0,0.0,1.373,29.8,1751550551210
0.0,0.0,1.363,29.8,1751550551373
0.0,0.0,1.342,29.8,1751550551576
0.0,0.0,1.29,29.8,1751550551606
0.0,0.0,1.238,29.8,1751550551686
0.0,0.0,1.228,29.8,1751550551718
0.0,0.0,1.238,29.8,1751550551798
0.0,0.0,1.238,29.8,1751550551829
0.0,0.0,1.207,29.8,1751550551914
31.709854125976562,-97.18628692626953,1.207,29.8,1751550552000
0.0,0.0,1.165,29.8,1751550552204
0.0,0.0,1.134,29.8,1751550552304
0.0,0.0,1.103,29.8,1751550552423
0.0,0.0,1.051,29.8,1751550552456
0.0,0.0,1.051,29.8,1751550552694
0.0,0.0,1.04,29.8,1751550552724
0.0,0.0,1.061,29.8,1751550552808
0.0,0.0,1.061,29.8,1751550552844
0.0,0.0,1.04,29.8,1751550552925
0.0,0.0,0.988,29.8,1751550552956
31.709856033325195,-97.186279296875,0.988,29.8,1751550553000
0.0,0.0,0.957,29.8,1751550553048
0.0,0.0,0.936,29.8,1751550553075
0.0,0.0,0.957,29.8,1751550553178
0.0,0.0,0.926,29.8,1751550553251
0.0,0.0,0.895,29.8,1751550553315
0.0,0.0,0.874,29.8,1751550553390
0.0,0.0,0.842,29.8,1751550553561
0.0,0.0,0.832,29.8,1751550553598
0.0,0.0,0.822,29.8,1751550553680
0.0,0.0,0.811,29.8,1751550553703
0.0,0.0,0.822,29.8,1751550553784
0.0,0.0,0.822,29.8,1751550553815
0.0,0.0,0.822,29.8,1751550553896
0.0,0.0,0.811,29.8,1751550553929
0.0,0.0,0.811,29.8,1751550553999
31.709856033325195,-97.186279296875,0.811,29.8,1751550554000
0.0,0.0,0.832,29.8,1751550554066
0.0,0.0,0.863,29.8,1751550554123
0.0,0.0,0.905,29.8,1751550554210
0.0,0.0,0.905,29.8,1751550554281
0.0,0.0,0.863,29.8,1751550554366
0.0,0.0,0.863,29.8,1751550554562
0.0,0.0,0.842,29.8,1751550554623
0.0,0.0,0.832,29.8,1751550554658
0.0,0.0,0.822,29.8,1751550554740
0.0,0.0,0.811,29.8,1751550554771
0.0,0.0,0.801,29.8,1751550554846
0.0,0.0,0.811,29.8,1751550554874
0.0,0.0,0.811,29.8,1751550554942
0.0,0.0,0.79,29.8,1751550554972
31.709857940673828,-97.186279296875,0.79,29.8,1751550555000
0.0,0.0,0.759,29.8,1751550555044
0.0,0.0,0.749,29.8,1751550555123
0.0,0.0,0.738,29.8,1751550555160
0.0,0.0,0.718,29.8,1751550555283
0.0,0.0,0.707,29.8,1751550555322
0.0,0.0,0.718,29.8,1751550555402
0.0,0.0,0.718,29.8,1751550555590
0.0,0.0,0.707,29.8,1751550555623
0.0,0.0,0.707,29.8,1751550555703
0.0,0.0,0.686,29.8,1751550555736
0.0,0.0,0.666,29.8,1751550555816
0.0,0.0,0.666,29.8,1751550555855
0.0,0.0,0.666,29.8,1751550555998
31.709856033325195,-97.18627166748047,0.666,29.8,1751550556000
0.0,0.0,0.676,30.0,1751550556033
0.0,0.0,0.666,30.0,1751550556109
0.0,0.0,0.666,30.0,1751550556143
0.0,0.0,0.676,30.0,1751550556228
0.0,0.0,0.676,30.0,1751550556259
0.0,0.0,0.655,30.0,1751550556338
0.0,0.0,0.645,30.0,1751550556369
0.0,0.0,0.634,30.0,1751550556579
0.0,0.0,0.655,30.0,1751550556642
0.0,0.0,0.655,30.0,1751550556673
0.0,0.0,0.655,30.0,1751550556752
0.0,0.0,0.645,30.0,1751550556783
0.0,0.0,0.655,30.0,1751550556876
0.0,0.0,0.676,30.0,1751550556943
31.709857940673828,-97.18627166748047,0.686,30.0,1751550557000
0.0,0.0,0.686,30.0,1751550557012
0.0,0.0,0.666,30.0,1751550557076
0.0,0.0,0.655,30.0,1751550557145
0.0,0.0,0.676,30.0,1751550557237
0.0,0.0,0.676,30.0,1751550557356
0.0,0.0,0.697,30.0,1751550557494
0.0,0.0,0.697,30.0,1751550557571
0.0,0.0,0.686,30.0,1751550557605
0.0,0.0,0.707,30.0,1751550557682
0.0,0.0,0.686,30.0,1751550557713
0.0,0.0,0.666,30.0,1751550557789
0.0,0.0,0.634,30.0,1751550557820
0.0,0.0,0.645,30.0,1751550557939
0.0,0.0,0.655,30.0,1751550557973
31.70985984802246,-97.18627166748047,0.655,30.0,1751550558000
0.0,0.0,0.676,30.0,1751550558041
0.0,0.0,0.655,30.0,1751550558069
0.0,0.0,0.655,30.0,1751550558140
0.0,0.0,0.634,30.0,1751550558220
0.0,0.0,0.645,30.0,1751550558256
0.0,0.0,0.676,30.0,1751550558351
0.0,0.0,0.666,30.0,1751550558539
0.0,0.0,0.676,30.0,1751550558597
0.0,0.0,0.686,30.0,1751550558628
0.0,0.0,0.697,30.0,1751550558705
0.0,0.0,0.676,30.0,1751550558736
0.0,0.0,0.666,30.0,1751550558811
0.0,0.0,0.666,30.0,1751550558828
0.0,0.0,0.718,30.0,1751550558879
0.0,0.0,0.707,30.0,1751550558957
31.709861755371094,-97.18627166748047,0.718,30.0,1751550559000
0.0,0.0,0.718,30.0,1751550559037
0.0,0.0,0.697,30.0,1751550559071
0.0,0.0,0.645,30.0,1751550559159
0.0,0.0,0.655,30.0,1751550559193
0.0,0.0,0.624,30.0,1751550559299
0.0,0.0,0.624,30.0,1751550559539
0.0,0.0,0.614,30.0,1751550559573
0.0,0.0,0.624,30.0,1751550559613
0.0,0.0,0.624,30.0,1751550559668
0.0,0.0,0.603,30.0,1751550559723
0.0,0.0,0.561,30.0,1751550559799
0.0,0.0,0.561,30.0,1751550559866
0.0,0.0,0.582,30.0,1751550559929
0.0,0.0,0.593,30.0,1751550559987
31.709863662719727,-97.18626403808594,0.593,30.0,1751550560000
0.0,0.0,0.624,30.0,1751550560054
0.0,0.0,0.614,30.0,1751550560120
0.0,0.0,0.634,30.0,1751550560220
0.0,0.0,0.645,30.0,1751550560297
0.0,0.0,0.666,30.0,1751550560323
0.0,0.0,0.666,30.0,1751550560444
0.0,0.0,0.676,30.0,1751550560595
0.0,0.0,0.686,30.0,1751550560613
0.0,0.0,0.707,30.0,1751550560639
0.0,0.0,0.697,30.0,1751550560742
0.0,0.0,0.697,30.0,1751550560774
0.0,0.0,0.707,30.0,1751550560849
0.0,0.0,0.718,30.0,1751550560917
0.0,0.0,0.718,30.0,1751550560973
31.709867477416992,-97.18626403808594,0.718,30.0,1751550561000
0.0,0.0,0.738,30.0,1751550561037
0.0,0.0,0.707,30.0,1751550561117
0.0,0.0,0.666,30.0,1751550561158
0.0,0.0,0.655,30.0,1751550561305
0.0,0.0,0.645,30.0,1751550561507
0.0,0.0,0.666,30.0,1751550561583
0.0,0.0,0.676,30.0,1751550561623
0.0,0.0,0.697,30.0,1751550561698
0.0,0.0,0.707,30.0,1751550561729
0.0,0.0,0.697,30.0,1751550561769
0.0,0.0,0.676,30.0,1751550561824
0.0,0.0,0.666,30.0,1751550561892
0.0,0.0,0.634,30.0,1751550561955
31.709867477416992,-97.1862564086914,0.634,30.0,1751550562000
0.0,0.0,0.655,30.0,1751550562071
0.0,0.0,0.697,30.0,1751550562205
0.0,0.0,0.707,30.0,1751550562291
0.0,0.0,0.728,30.0,1751550562361
0.0,0.0,0.707,30.0,1751550562462
0.0,0.0,0.718,30.0,1751550562609
0.0,0.0,0.738,30.0,1751550562626
0.0,0.0,0.749,30.0,1751550562661
0.0,0.0,0.738,30.0,1751550562755
0.0,0.0,0.749,30.0,1751550562810
0.0,0.0,0.77,30.0,1751550562905
0.0,0.0,0.79,30.0,1751550562991
31.709867477416992,-97.18624877929688,0.79,30.0,1751550563000
0.0,0.0,0.78,30.0,1751550563058
0.0,0.0,0.749,30.0,1751550563199
0.0,0.0,0.738,30.0,1751550563278
0.0,0.0,0.707,30.0,1751550563343
0.0,0.0,0.718,30.0,1751550563444
0.0,0.0,0.676,30.0,1751550563591
0.0,0.0,0.645,30.0,1751550563608
0.0,0.0,0.634,30.0,1751550563644
0.0,0.0,0.634,30.0,1751550563772
0.0,0.0,0.634,30.0,1751550563846
0.0,0.0,0.645,30.0,1751550563872
0.0,0.0,0.645,30.0,1751550563978
31.709869384765625,-97.18624114990234,0.645,30.0,1751550564000
0.0,0.0,0.624,30.0,1751550564056
0.0,0.0,0.634,30.0,1751550564181
0.0,0.0,0.655,30.0,1751550570120
0.0,0.0,0.686,30.0,1751550572286
0.0,0.0,0.676,30.0,1751550572885
0.0,0.0,0.686,30.0,1751550573193
0.0,0.0,0.749,30.0,1751550575052
0.0,0.0,0.759,30.0,1751550575253
0.0,0.0,0.801,30.0,1751550577035
0.0,0.0,0.77,30.0,1751550578101
0.0,0.0,0.749,30.0,1751550578719
31.709922790527344,-97.1861801147461,0.738,30.0,1751550579000
0.0,0.0,0.738,30.0,1751550579251
0.0,0.0,0.77,30.0,1751550579802
31.709924697875977,-97.18617248535156,0.77,30.0,1751550580000
0.0,0.0,0.77,30.0,1751550580369
0.0,0.0,0.728,30.0,1751550580758
0.0,0.0,0.749,30.0,1751550580986
31.709928512573242,-97.18617248535156,0.749,30.0,1751550581000
0.0,0.0,0.749,30.0,1751550581286
0.0,0.0,0.79,30.0,1751550581921
31.709932327270508,-97.18616485595703,0.79,30.0,1751550582000
0.0,0.0,0.749,30.0,1751550582302
0.0,0.0,0.79,30.0,1751550582872
0.0,0.0,0.77,30.0,1751550583070
0.0,0.0,0.759,30.0,1751550584052
0.0,0.0,0.78,30.0,1751550584352
0.0,0.0,2.102,29.8,1751550592418
0.0,0.0,3.34,29.8,1751550592735
0.0,0.0,4.672,29.8,1751550593668
0.0,0.0,5.9,29.8,1751550594567
0.0,0.0,7.565,29.6,1751550602991
0.0,0.0,8.877,29.4,1751550609017
0.0,0.0,10.157,29.2,1751550611066
0.0,0.0,11.51,29.2,1751550611682
0.0,0.0,12.758,29.2,1751550613515
0.0,0.0,14.091,29.2,1751550613816
0.0,0.0,15.444,29.2,1751550614950
0.0,0.0,16.776,29.2,1751550617716
0.0,0.0,16.973,29.0,1751550619767
0.0,0.0,16.89,28.8,1751550627031
0.0,0.0,16.744,28.8,1751550627648
0.0,0.0,16.724,28.8,1751550628214
0.0,0.0,16.214,28.8,1751550628565
0.0,0.0,15.433,26.8,1751550695976
0.0,0.0,14.767,26.8,1751550696293
0.0,0.0,14.059,26.8,1751550696609
0.0,0.0,13.497,26.6,1751550696875
0.0,0.0,12.873,26.6,1751550697162
0.0,0.0,11.447,26.6,1751550697744
0.0,0.0,10.042,26.6,1751550697842
0.0,0.0,8.95,26.6,1751550697919
0.0,0.0,8.242,26.6,1751550697985
0.0,0.0,8.304,26.6,1751550698052
0.0,0.0,8.252,26.6,1751550698118
0.0,0.0,8.502,26.6,1751550698230
0.0,0.0,9.168,26.6,1751550698343
0.0,0.0,9.865,26.6,1751550698527
0.0,0.0,10.573,26.6,1751550698660
0.0,0.0,10.583,26.6,1751550698876
0.0,0.0,10.542,26.6,1751550698943
0.0,0.0,11.51,26.6,1751550699011
0.0,0.0,12.373,26.6,1751550699077
0.0,0.0,13.362,26.6,1751550699143
0.0,0.0,14.215,26.6,1751550699265
0.0,0.0,14.195,26.6,1751550699316
0.0,0.0,14.309,26.6,1751550699427
0.0,0.0,14.382,26.6,1751550699493
0.0,0.0,14.163,26.6,1751550699578
0.0,0.0,13.934,26.6,1751550699644
0.0,0.0,13.581,26.6,1751550699710
0.0,0.0,13.258,26.6,1751550699785
0.0,0.0,13.102,26.6,1751550699897
0.0,0.0,12.311,26.8,1751550699933
0.0,0.0,11.635,26.8,1751550700061
0.0,0.0,10.958,26.8,1751550700126
0.0,0.0,10.594,26.8,1751550700193
0.0,0.0,10.594,26.8,1751550700277
0.0,0.0,10.49,26.8,1751550700344
0.0,0.0,10.375,26.8,1751550700409
0.0,0.0,10.302,26.8,1751550700594
0.0,0.0,10.438,26.8,1751550700627
0.0,0.0,10.916,26.8,1751550700661
0.0,0.0,11.073,26.8,1751550700760
0.0,0.0,11.354,26.8,1751550700794
0.0,0.0,11.374,26.8,1751550700877
0.0,0.0,11.249,26.8,1751550701010
0.0,0.0,11.031,26.8,1751550701043
0.0,0.0,11.031,26.8,1751550701177
0.0,0.0,10.989,26.8,1751550701212
0.0,0.0,10.885,26.8,1751550701244
0.0,0.0,10.948,26.8,1751550701326
0.0,0.0,10.937,26.8,1751550701394
0.0,0.0,10.864,26.8,1751550701461
0.0,0.0,10.667,26.8,1751550701526
0.0,0.0,10.604,26.8,1751550701593
0.0,0.0,10.656,26.8,1751550701677
0.0,0.0,10.74,26.8,1751550701959
0.0,0.0,10.823,26.8,1751550701993
0.0,0.0,11.125,26.8,1751550702027
0.0,0.0,11.041,26.8,1751550702092
0.0,0.0,11.114,26.8,1751550702165
0.0,0.0,11.218,26.8,1751550702377
0.0,0.0,11.177,26.8,1751550702427
0.0,0.0,11.135,26.8,1751550702511
0.0,0.0,11.364,26.8,1751550702576
0.0,0.0,11.614,26.8,1751550702642
0.0,0.0,11.687,26.8,1751550702726
0.0,0.0,11.687,26.8,1751550702793
0.0,0.0,11.728,26.8,1751550702859
0.0,0.0,11.655,27.0,1751550702927
0.0,0.0,11.322,27.0,1751550702993
0.0,0.0,11.437,27.0,1751550703076
0.0,0.0,11.239,27.0,1751550703144
0.0,0.0,11.073,27.0,1751550703210
0.0,0.0,11.0,27.0,1751550703276
0.0,0.0,11.135,27.0,1751550703344
0.0,0.0,10.833,27.0,1751550703427
0.0,0.0,10.698,27.0,1751550703491
0.0,0.0,10.552,27.0,1751550703560
0.0,0.0,10.354,27.0,1751550703627
0.0,0.0,10.073,27.0,1751550703693
0.0,0.0,10.094,27.0,1751550703776
0.0,0.0,10.115,27.0,1751550703843
0.0,0.0,9.98,27.0,1751550703909
0.0,0.0,9.98,27.0,1751550703975
0.0,0.0,9.969,27.0,1751550704043
0.0,0.0,10.094,27.0,1751550704127
0.0,0.0,9.969,27.0,1751550704193
0.0,0.0,10.021,27.0,1751550704260
0.0,0.0,10.157,27.0,1751550704327
0.0,0.0,10.313,27.0,1751550704392
0.0,0.0,10.365,27.0,1751550704475
0.0,0.0,10.334,27.0,1751550704675
0.0,0.0,10.479,27.0,1751550704825
0.0,0.0,10.656,27.0,1751550705109
0.0,0.0,10.5,27.0,1751550705258
0.0,0.0,10.677,27.0,1751550705293
0.0,0.0,10.823,27.0,1751550705376
0.0,0.0,10.875,27.0,1751550705525
0.0,0.0,10.667,27.0,1751550705559
0.0,0.0,10.448,27.0,1751550705594
0.0,0.0,10.146,27.0,1751550705692
0.0,0.0,9.813,27.0,1751550705725
0.0,0.0,9.636,27.0,1751550705792
0.0,0.0,9.543,27.2,1751550705875
0.0,0.0,9.147,27.2,1751550705942
0.0,0.0,8.752,27.2,1751550706008
0.0,0.0,9.012,27.2,1751550706075
0.0,0.0,8.877,27.2,1751550706141
0.0,0.0,8.398,27.2,1751550706358
0.0,0.0,7.971,27.2,1751550706425
0.0,0.0,8.034,27.2,1751550706492
0.0,0.0,7.992,27.2,1751550706575
0.0,0.0,7.982,27.2,1751550706642
0.0,0.0,8.023,27.2,1751550706709
0.0,0.0,7.867,27.2,1751550706775
0.0,0.0,7.722,27.2,1751550706842
0.0,0.0,7.742,27.2,1751550706942
0.0,0.0,7.669,27.2,1751550707058
0.0,0.0,7.055,27.2,1751550707125
0.0,0.0,6.785,27.2,1751550707192
0.0,0.0,6.743,27.2,1751550707276
0.0,0.0,6.65,27.2,1751550707342
0.0,0.0,6.441,27.2,1751550707408
0.0,0.0,6.275,27.2,1751550707476
0.0,0.0,5.984,27.2,1751550707542
0.0,0.0,5.713,27.2,1751550707625
0.0,0.0,5.609,27.2,1751550707758
0.0,0.0,5.401,27.2,1751550707825
0.0,0.0,5.172,27.2,1751550707891
0.0,0.0,4.974,27.2,1751550708031
0.0,0.0,5.026,27.2,1751550708058
0.0,0.0,5.016,27.2,1751550708109
0.0,0.0,4.828,27.2,1751550708174
0.0,0.0,4.683,27.2,1751550708243
0.0,0.0,4.579,27.2,1751550708458
0.0,0.0,4.454,27.2,1751550708591
0.0,0.0,4.506,27.2,1751550708675
