0.0,0.0,0.863,28.6,1752240641160
0.0,0.0,0.863,28.6,1752240641359
0.0,0.0,0.863,28.6,1752240641906
0.0,0.0,0.863,28.6,1752240642193
0.0,0.0,0.863,28.6,1752240642458
0.0,0.0,0.863,28.6,1752240642740
0.0,0.0,0.874,28.6,1752240643060
0.0,0.0,0.884,28.6,1752240643274
0.0,0.0,0.884,28.6,1752240643541
0.0,0.0,0.895,28.6,1752240643875
0.0,0.0,0.915,28.6,1752240644125
0.0,0.0,0.905,28.6,1752240644441
0.0,0.0,0.895,28.6,1752240644641
0.0,0.0,0.874,28.6,1752240644958
0.0,0.0,0.874,28.6,1752240645308
0.0,0.0,0.853,28.6,1752240645345
0.0,0.0,0.853,28.6,1752240645376
0.0,0.0,0.832,28.6,1752240645413
0.0,0.0,0.801,28.6,1752240645446
0.0,0.0,0.78,28.6,1752240645571
0.0,0.0,0.749,28.6,1752240645600
0.0,0.0,0.728,28.6,1752240645699
0.0,0.0,0.686,28.6,1752240645723
0.0,0.0,0.697,28.6,1752240645750
0.0,0.0,0.697,28.6,1752240645865
0.0,0.0,0.697,28.6,1752240645887
0.0,0.0,0.686,28.6,1752240646042
0.0,0.0,0.707,28.6,1752240646066
0.0,0.0,0.707,28.6,1752240646088
0.0,0.0,0.707,28.6,1752240646226
0.0,0.0,0.718,28.6,1752240646250
0.0,0.0,0.728,28.6,1752240646294
0.0,0.0,0.749,28.6,1752240646359
0.0,0.0,0.759,28.6,1752240646426
0.0,0.0,0.77,28.6,1752240646503
0.0,0.0,0.759,28.6,1752240646570
0.0,0.0,0.77,28.6,1752240646638
0.0,0.0,0.759,28.6,1752240646716
0.0,0.0,0.749,28.6,1752240646783
0.0,0.0,0.728,28.6,1752240646846
0.0,0.0,0.728,28.6,1752240646937
0.0,0.0,0.728,28.6,1752240646993
0.0,0.0,0.728,28.6,1752240647059
0.0,0.0,0.718,28.6,1752240647126
0.0,0.0,0.718,28.6,1752240647199
0.0,0.0,0.718,28.6,1752240647276
0.0,0.0,0.718,28.6,1752240647343
0.0,0.0,0.738,28.6,1752240647409
0.0,0.0,0.738,28.6,1752240647476
0.0,0.0,0.738,28.6,1752240647532
0.0,0.0,0.738,28.6,1752240647616
0.0,0.0,0.738,28.6,1752240647693
0.0,0.0,0.728,28.6,1752240647760
0.0,0.0,0.718,28.6,1752240647826
0.0,0.0,0.707,28.6,1752240647903
0.0,0.0,0.697,28.6,1752240647970
0.0,0.0,0.697,28.6,1752240648036
0.0,0.0,0.697,28.6,1752240648116
0.0,0.0,0.686,28.6,1752240648187
0.0,0.0,0.676,28.6,1752240648253
0.0,0.0,0.676,28.6,1752240648320
0.0,0.0,0.686,28.6,1752240648386
0.0,0.0,0.697,28.6,1752240648466
0.0,0.0,0.686,28.6,1752240648533
0.0,0.0,0.697,28.6,1752240648599
0.0,0.0,0.707,28.6,1752240648666
0.0,0.0,0.718,28.6,1752240648743
0.0,0.0,0.738,28.6,1752240648809
0.0,0.0,0.749,28.6,1752240648876
0.0,0.0,0.738,28.6,1752240648954
0.0,0.0,0.738,28.6,1752240649020
0.0,0.0,0.738,28.6,1752240649087
0.0,0.0,0.728,28.6,1752240649171
0.0,0.0,0.728,28.6,1752240649237
0.0,0.0,0.718,28.6,1752240649311
0.0,0.0,0.718,28.6,1752240649372
0.0,0.0,0.707,28.6,1752240649445
0.0,0.0,0.697,28.6,1752240649519
0.0,0.0,0.676,28.6,1752240649579
0.0,0.0,0.666,28.6,1752240649654
0.0,0.0,0.666,28.6,1752240649722
0.0,0.0,0.655,28.6,1752240649789
0.0,0.0,0.666,28.6,1752240649867
0.0,0.0,0.666,28.6,1752240649934
0.0,0.0,0.666,28.6,1752240650004
0.0,0.0,0.655,28.6,1752240650070
0.0,0.0,0.666,28.6,1752240650137
0.0,0.0,0.666,28.6,1752240650217
0.0,0.0,0.676,28.6,1752240650294
0.0,0.0,0.676,28.6,1752240650350
0.0,0.0,0.666,28.6,1752240650416
0.0,0.0,0.666,28.6,1752240650494
0.0,0.0,0.645,28.6,1752240650560
0.0,0.0,0.655,28.6,1752240650627
0.0,0.0,0.655,28.6,1752240650704
0.0,0.0,0.666,28.6,1752240650770
0.0,0.0,0.676,28.6,1752240650837
0.0,0.0,0.686,28.6,1752240651079
0.0,0.0,0.697,28.6,1752240651080
0.0,0.0,0.697,28.6,1752240651081
0.0,0.0,0.686,28.6,1752240651082
0.0,0.0,0.707,28.6,1752240651198
0.0,0.0,0.697,28.6,1752240651227
0.0,0.0,0.697,28.6,1752240651292
0.0,0.0,0.707,28.6,1752240651362
0.0,0.0,0.697,28.6,1752240651436
0.0,0.0,0.676,28.6,1752240651505
0.0,0.0,0.676,28.6,1752240651572
0.0,0.0,0.666,28.6,1752240651642
0.0,0.0,0.666,28.6,1752240651718
0.0,0.0,0.655,28.6,1752240651785
0.0,0.0,0.655,28.6,1752240651852
0.0,0.0,0.655,28.6,1752240651924
0.0,0.0,0.645,28.6,1752240652002
0.0,0.0,0.645,28.6,1752240652062
0.0,0.0,0.655,28.6,1752240652138
0.0,0.0,0.666,28.6,1752240652204
0.0,0.0,0.676,28.6,1752240652277
0.0,0.0,0.697,28.6,1752240652344
0.0,0.0,0.718,28.6,1752240652413
0.0,0.0,0.718,28.6,1752240652487
0.0,0.0,0.718,28.6,1752240652554
0.0,0.0,0.738,28.6,1752240652624
0.0,0.0,0.728,28.6,1752240652694
0.0,0.0,0.718,28.6,1752240652766
0.0,0.0,0.728,28.6,1752240652836
0.0,0.0,0.718,28.6,1752240652905
0.0,0.0,0.707,28.6,1752240652979
0.0,0.0,0.697,28.6,1752240653045
0.0,0.0,0.686,28.6,1752240653115
0.0,0.0,0.666,28.6,1752240653186
0.0,0.0,0.655,28.6,1752240653278
0.0,0.0,0.645,28.6,1752240653325
0.0,0.0,0.655,28.6,1752240653396
0.0,0.0,0.645,28.6,1752240653466
0.0,0.0,0.655,28.6,1752240653535
0.0,0.0,0.666,28.6,1752240653608
0.0,0.0,0.655,28.6,1752240653675
0.0,0.0,0.645,28.6,1752240653745
0.0,0.0,0.655,28.6,1752240653815
0.0,0.0,0.666,28.6,1752240653886
0.0,0.0,0.666,28.6,1752240653955
0.0,0.0,0.676,28.6,1752240654026
0.0,0.0,0.676,28.6,1752240654095
0.0,0.0,0.676,28.6,1752240654178
0.0,0.0,0.666,28.6,1752240654237
0.0,0.0,0.676,28.6,1752240654305
0.0,0.0,0.655,28.6,1752240654378
0.0,0.0,0.655,28.6,1752240654448
0.0,0.0,0.666,28.6,1752240654515
0.0,0.0,0.666,28.6,1752240654586
0.0,0.0,0.676,28.6,1752240654655
0.0,0.0,0.676,28.6,1752240654726
0.0,0.0,0.666,28.6,1752240654795
0.0,0.0,0.666,28.6,1752240654866
0.0,0.0,0.666,28.6,1752240654937
0.0,0.0,0.666,28.6,1752240655008
0.0,0.0,0.666,28.6,1752240655075
0.0,0.0,0.666,28.6,1752240655147
0.0,0.0,0.676,28.6,1752240655219
0.0,0.0,0.686,28.6,1752240655286
0.0,0.0,0.686,28.6,1752240655358
0.0,0.0,0.686,28.6,1752240655426
0.0,0.0,0.666,28.6,1752240655496
0.0,0.0,0.676,28.6,1752240655653
0.0,0.0,0.676,28.6,1752240655704
0.0,0.0,0.686,28.6,1752240655939
0.0,0.0,0.697,28.6,1752240655946
0.0,0.0,0.707,28.6,1752240655970
0.0,0.0,0.728,28.6,1752240655988
0.0,0.0,0.749,28.6,1752240656062
0.0,0.0,0.738,28.6,1752240656126
0.0,0.0,0.749,28.6,1752240656197
0.0,0.0,0.738,28.6,1752240656277
0.0,0.0,0.738,28.6,1752240656335
0.0,0.0,0.738,28.6,1752240656408
0.0,0.0,0.728,28.6,1752240656479
0.0,0.0,0.728,28.6,1752240656547
0.0,0.0,0.728,28.6,1752240656620
0.0,0.0,0.718,28.6,1752240656694
0.0,0.0,0.697,28.6,1752240656758
0.0,0.0,0.676,28.6,1752240656825
0.0,0.0,0.666,28.6,1752240656897
0.0,0.0,0.666,28.6,1752240656966
0.0,0.0,0.655,28.6,1752240657037
0.0,0.0,0.666,28.6,1752240657109
0.0,0.0,0.666,28.6,1752240657247
0.0,0.0,0.686,28.6,1752240657268
0.0,0.0,0.676,28.6,1752240657316
0.0,0.0,0.655,28.6,1752240657388
0.0,0.0,0.676,28.6,1752240657461
0.0,0.0,0.676,28.6,1752240657524
0.0,0.0,0.697,28.6,1752240657593
0.0,0.0,0.707,28.6,1752240657663
0.0,0.0,0.718,28.6,1752240657744
0.0,0.0,0.707,28.6,1752240657813
0.0,0.0,0.697,28.6,1752240657877
0.0,0.0,0.686,28.6,1752240657945
0.0,0.0,0.686,28.6,1752240658013
0.0,0.0,0.676,28.6,1752240658084
0.0,0.0,0.686,28.6,1752240658184
0.0,0.0,0.686,28.6,1752240658226
0.0,0.0,0.666,28.6,1752240658298
0.0,0.0,0.666,28.6,1752240658376
0.0,0.0,0.666,28.6,1752240658437
0.0,0.0,0.655,28.6,1752240658505
0.0,0.0,0.645,28.6,1752240658575
0.0,0.0,0.655,28.6,1752240658648
0.0,0.0,0.666,28.6,1752240658715
0.0,0.0,0.655,28.6,1752240658788
0.0,0.0,0.655,28.6,1752240658856
0.0,0.0,0.655,28.6,1752240658944
0.0,0.0,0.666,28.6,1752240658993
0.0,0.0,0.666,28.6,1752240659063
0.0,0.0,0.676,28.6,1752240659134
0.0,0.0,0.686,28.6,1752240659207
0.0,0.0,0.676,28.6,1752240659275
0.0,0.0,0.676,28.6,1752240659346
0.0,0.0,0.686,28.6,1752240659414
0.0,0.0,0.676,28.6,1752240659485
0.0,0.0,0.686,28.6,1752240659559
0.0,0.0,0.686,28.6,1752240659626
0.0,0.0,0.697,28.6,1752240659694
0.0,0.0,0.697,28.6,1752240659767
0.0,0.0,0.686,28.6,1752240659844
0.0,0.0,0.686,28.6,1752240659922
0.0,0.0,0.676,28.6,1752240659976
0.0,0.0,0.676,28.6,1752240660048
0.0,0.0,0.697,28.6,1752240660117
0.0,0.0,0.697,28.6,1752240660188
0.0,0.0,0.707,28.6,1752240660257
0.0,0.0,0.697,28.6,1752240660331
0.0,0.0,0.697,28.6,1752240660405
0.0,0.0,0.707,28.6,1752240660473
0.0,0.0,0.697,28.6,1752240660540
0.0,0.0,0.686,28.6,1752240660610
0.0,0.0,0.707,28.6,1752240660681
0.0,0.0,0.707,28.6,1752240660748
0.0,0.0,0.707,28.6,1752240660821
0.0,0.0,0.718,28.6,1752240660890
0.0,0.0,0.686,28.6,1752240660959
0.0,0.0,0.686,28.6,1752240661028
0.0,0.0,0.686,28.6,1752240661097
0.0,0.0,0.697,28.6,1752240661198
0.0,0.0,0.697,28.6,1752240661242
0.0,0.0,0.697,28.6,1752240661309
0.0,0.0,0.718,28.6,1752240661378
0.0,0.0,0.749,28.6,1752240661448
0.0,0.0,0.749,28.6,1752240661516
0.0,0.0,0.759,28.6,1752240661588
0.0,0.0,0.749,28.6,1752240661662
0.0,0.0,0.738,28.6,1752240661729
0.0,0.0,0.749,28.6,1752240661798
0.0,0.0,0.759,28.6,1752240661875
0.0,0.0,0.738,28.6,1752240661940
0.0,0.0,0.759,28.6,1752240662012
0.0,0.0,0.759,28.6,1752240662078
0.0,0.0,0.759,28.6,1752240662161
0.0,0.0,0.759,28.6,1752240662220
0.0,0.0,0.759,28.6,1752240662288
0.0,0.0,0.738,28.6,1752240662358
0.0,0.0,0.738,28.6,1752240662428
0.0,0.0,0.738,28.6,1752240662498
0.0,0.0,0.759,28.6,1752240662571
0.0,0.0,0.759,28.6,1752240662642
0.0,0.0,0.77,28.6,1752240662709
0.0,0.0,0.78,28.6,1752240662779
0.0,0.0,0.77,28.6,1752240662848
0.0,0.0,0.77,28.6,1752240662920
0.0,0.0,0.759,28.6,1752240662992
0.0,0.0,0.749,28.6,1752240663059
0.0,0.0,0.718,28.6,1752240663131
0.0,0.0,0.738,28.6,1752240663198
0.0,0.0,0.728,28.6,1752240663272
0.0,0.0,0.718,28.6,1752240663344
0.0,0.0,0.738,28.6,1752240663410
0.0,0.0,0.738,28.6,1752240663478
0.0,0.0,0.718,28.6,1752240663548
0.0,0.0,0.707,28.6,1752240663623
0.0,0.0,0.728,28.6,1752240663690
0.0,0.0,0.718,28.6,1752240663758
0.0,0.0,0.718,28.6,1752240663828
0.0,0.0,0.738,28.6,1752240663902
0.0,0.0,0.77,28.6,1752240663971
0.0,0.0,0.77,28.6,1752240664041
0.0,0.0,0.79,28.6,1752240664108
0.0,0.0,0.801,28.6,1752240664179
0.0,0.0,0.78,28.6,1752240664248
0.0,0.0,0.78,28.6,1752240664323
0.0,0.0,0.801,28.6,1752240664392
0.0,0.0,0.811,28.6,1752240664458
0.0,0.0,0.822,28.6,1752240664528
0.0,0.0,0.801,28.6,1752240664598
0.0,0.0,0.811,28.6,1752240664671
0.0,0.0,0.801,28.6,1752240664756
0.0,0.0,0.811,28.6,1752240664809
0.0,0.0,0.811,28.6,1752240664878
0.0,0.0,0.811,28.6,1752240664948
0.0,0.0,0.79,28.6,1752240665021
0.0,0.0,0.801,28.6,1752240665089
0.0,0.0,0.801,28.6,1752240665226
0.0,0.0,0.759,28.6,1752240665242
0.0,0.0,0.728,28.6,1752240665324
0.0,0.0,0.707,28.6,1752240665379
0.0,0.0,0.707,28.6,1752240665446
0.0,0.0,0.718,28.6,1752240665511
0.0,0.0,0.718,28.6,1752240665581
0.0,0.0,0.676,28.6,1752240665648
0.0,0.0,0.697,28.6,1752240665726
0.0,0.0,0.686,28.6,1752240665793
0.0,0.0,0.686,28.6,1752240665860
0.0,0.0,0.666,28.6,1752240665930
0.0,0.0,0.666,28.6,1752240665998
0.0,0.0,0.686,28.6,1752240666077
0.0,0.0,0.707,28.6,1752240666156
0.0,0.0,0.728,28.6,1752240666208
0.0,0.0,0.728,28.6,1752240666277
0.0,0.0,0.77,28.6,1752240666347
0.0,0.0,0.77,28.6,1752240666418
0.0,0.0,0.78,28.6,1752240666489
0.0,0.0,0.78,28.6,1752240666560
0.0,0.0,0.801,28.6,1752240666627
0.0,0.0,0.832,28.6,1752240666701
0.0,0.0,0.853,28.6,1752240666775
0.0,0.0,0.884,28.6,1752240666841
0.0,0.0,0.895,28.6,1752240666913
0.0,0.0,0.884,28.6,1752240666977
0.0,0.0,0.905,28.6,1752240667055
0.0,0.0,0.895,28.6,1752240667124
0.0,0.0,0.874,28.8,1752240667263
0.0,0.0,0.884,28.8,1752240667297
0.0,0.0,0.905,28.8,1752240667338
0.0,0.0,0.884,28.8,1752240667399
0.0,0.0,0.884,28.8,1752240667544
0.0,0.0,0.884,28.8,1752240667613
0.0,0.0,0.874,28.8,1752240667681
0.0,0.0,0.874,28.8,1752240667752
0.0,0.0,0.863,28.8,1752240667825
0.0,0.0,0.853,28.8,1752240667959
0.0,0.0,0.863,28.8,1752240668032
0.0,0.0,0.874,28.8,1752240668099
0.0,0.0,0.915,28.8,1752240668175
0.0,0.0,0.895,28.8,1752240668239
0.0,0.0,0.905,28.8,1752240668309
0.0,0.0,0.947,28.8,1752240668379
0.0,0.0,0.967,28.8,1752240668448
0.0,0.0,0.967,28.8,1752240668522
0.0,0.0,0.947,28.8,1752240668592
0.0,0.0,0.957,28.8,1752240668664
0.0,0.0,0.915,28.8,1752240668731
0.0,0.0,0.947,28.8,1752240668799
0.0,0.0,0.926,28.8,1752240668871
0.0,0.0,0.905,28.8,1752240668946
0.0,0.0,0.863,28.8,1752240669011
0.0,0.0,0.895,28.8,1752240669079
0.0,0.0,0.863,28.8,1752240669161
0.0,0.0,0.842,28.8,1752240669293
0.0,0.0,0.832,28.8,1752240669359
0.0,0.0,0.811,28.8,1752240669431
0.0,0.0,0.811,28.8,1752240669499
0.0,0.0,0.79,28.8,1752240669572
0.0,0.0,0.801,28.8,1752240669645
0.0,0.0,0.77,28.8,1752240669709
0.0,0.0,0.759,28.8,1752240669779
0.0,0.0,0.79,28.8,1752240669858
0.0,0.0,0.79,28.8,1752240669918
0.0,0.0,0.77,28.8,1752240669992
0.0,0.0,0.78,28.8,1752240670057
0.0,0.0,0.79,28.8,1752240670128
0.0,0.0,0.77,28.8,1752240670197
0.0,0.0,0.801,28.8,1752240670271
0.0,0.0,0.78,28.8,1752240670341
0.0,0.0,0.78,28.8,1752240670412
0.0,0.0,0.77,28.8,1752240670550
0.0,0.0,0.78,28.8,1752240670621
0.0,0.0,0.77,28.8,1752240670692
0.0,0.0,0.728,28.8,1752240670760
0.0,0.0,0.707,28.8,1752240670831
0.0,0.0,0.697,28.8,1752240670901
0.0,0.0,0.666,28.8,1752240670972
0.0,0.0,0.645,28.8,1752240671041
0.0,0.0,0.655,28.8,1752240671130
0.0,0.0,0.645,28.8,1752240671177
0.0,0.0,0.634,28.8,1752240671247
0.0,0.0,0.624,28.8,1752240671318
0.0,0.0,0.624,28.8,1752240671391
0.0,0.0,0.614,28.8,1752240671457
0.0,0.0,0.603,28.8,1752240671527
0.0,0.0,0.614,28.8,1752240671597
0.0,0.0,0.593,28.8,1752240671668
0.0,0.0,0.603,28.8,1752240671738
0.0,0.0,0.614,28.8,1752240671808
0.0,0.0,0.634,28.8,1752240671880
0.0,0.0,0.634,28.8,1752240671965
0.0,0.0,0.614,28.8,1752240672026
0.0,0.0,0.614,28.8,1752240672093
0.0,0.0,0.593,28.8,1752240672163
0.0,0.0,0.593,28.8,1752240672227
0.0,0.0,0.582,28.8,1752240672297
0.0,0.0,0.582,28.8,1752240672370
0.0,0.0,0.572,28.8,1752240672437
0.0,0.0,0.572,28.8,1752240672510
0.0,0.0,0.561,28.8,1752240672577
0.0,0.0,0.551,28.8,1752240672646
0.0,0.0,0.551,28.8,1752240672717
0.0,0.0,0.541,28.8,1752240672812
0.0,0.0,0.561,28.8,1752240672858
0.0,0.0,0.561,28.8,1752240672940
0.0,0.0,0.561,28.8,1752240673444
0.0,0.0,0.561,28.8,1752240673448
0.0,0.0,0.551,28.8,1752240673458
0.0,0.0,0.551,28.8,1752240673472
0.0,0.0,0.541,28.8,1752240673483
0.0,0.0,0.551,28.8,1752240673488
0.0,0.0,0.541,28.8,1752240673498
0.0,0.0,0.541,28.8,1752240673543
0.0,0.0,0.541,28.8,1752240673652
0.0,0.0,0.551,28.8,1752240673652
0.0,0.0,0.551,28.8,1752240673725
0.0,0.0,0.561,28.8,1752240673770
0.0,0.0,0.561,28.8,1752240673838
0.0,0.0,0.572,28.8,1752240673906
0.0,0.0,0.572,28.8,1752240674050
0.0,0.0,0.572,28.8,1752240674118
0.0,0.0,0.572,28.8,1752240674188
0.0,0.0,19.7,27.8,1752240896701
0.0,0.0,19.669,27.8,1752240896934
0.0,0.0,19.658,28.0,1752240898118
0.0,0.0,19.481,28.0,1752240898552
0.0,0.0,19.409,28.0,1752240901084
0.0,0.0,19.232,28.0,1752240901384
0.0,0.0,18.992,28.0,1752240901684
0.0,0.0,18.919,28.0,1752240902150
0.0,0.0,18.68,28.0,1752240902333
0.0,0.0,18.441,28.0,1752240902950
0.0,0.0,18.389,27.8,1752240903784
0.0,0.0,18.129,27.8,1752240905051
0.0,0.0,16.755,27.8,1752240907999
0.0,0.0,15.402,27.8,1752240908384
0.0,0.0,14.028,27.8,1752240908616
0.0,0.0,12.852,27.8,1752240909116
0.0,0.0,11.562,27.8,1752240909299
0.0,0.0,10.354,27.8,1752240909533
0.0,0.0,9.241,28.0,1752240917716
0.0,0.0,7.95,28.2,1752240918232
0.0,0.0,6.826,28.2,1752240918582
0.0,0.0,5.723,28.2,1752240918849
0.0,0.0,4.381,28.2,1752240919149
0.0,0.0,3.278,28.2,1752240919449
0.0,0.0,3.902,28.2,1752240919765
0.0,0.0,4.475,28.2,1752240920065
0.0,0.0,5.016,28.2,1752240920366
0.0,0.0,5.432,28.2,1752240920682
0.0,0.0,5.879,28.4,1752240920982
0.0,0.0,6.212,28.4,1752240921248
0.0,0.0,6.493,28.4,1752240921849
0.0,0.0,6.806,28.4,1752240922232
0.0,0.0,7.201,28.4,1752240922532
0.0,0.0,7.503,28.4,1752240922782
0.0,0.0,7.898,28.4,1752240923265
0.0,0.0,8.179,28.4,1752240923548
0.0,0.0,7.232,28.4,1752240923699
0.0,0.0,6.369,28.4,1752240923732
0.0,0.0,5.578,28.4,1752240923830
0.0,0.0,4.766,28.4,1752240923898
0.0,0.0,4.079,28.4,1752240923968
0.0,0.0,3.507,28.4,1752240924033
0.0,0.0,2.83,28.4,1752240924101
0.0,0.0,2.32,28.4,1752240924170
0.0,0.0,2.102,28.4,1752240924241
0.0,0.0,1.987,28.4,1752240924303
0.0,0.0,1.925,28.4,1752240924382
0.0,0.0,1.925,28.4,1752240924451
0.0,0.0,2.268,28.4,1752240924517
0.0,0.0,2.549,28.4,1752240924599
0.0,0.0,2.799,28.4,1752240924671
0.0,0.0,3.038,28.4,1752240924735
0.0,0.0,3.194,28.4,1752240924803
0.0,0.0,3.257,28.4,1752240924869
0.0,0.0,3.392,28.4,1752240924999
0.0,0.0,3.455,28.4,1752240925082
0.0,0.0,3.403,28.4,1752240925150
0.0,0.0,3.371,28.4,1752240925399
0.0,0.0,3.257,28.4,1752240925432
0.0,0.0,3.142,28.4,1752240925517
0.0,0.0,2.965,28.4,1752240925585
0.0,0.0,2.924,28.4,1752240925653
0.0,0.0,2.82,28.4,1752240925718
0.0,0.0,2.778,28.4,1752240925785
0.0,0.0,2.695,28.4,1752240925851
0.0,0.0,2.685,28.4,1752240925919
0.0,0.0,2.632,28.4,1752240925985
31.71031379699707,-97.18827056884766,2.632,28.4,1752240926000
0.0,0.0,2.622,28.4,1752240926065
0.0,0.0,2.643,28.4,1752240926133
0.0,0.0,2.695,28.4,1752240926211
0.0,0.0,2.747,28.4,1752240926284
0.0,0.0,2.757,28.4,1752240926399
0.0,0.0,2.799,28.4,1752240926432
0.0,0.0,2.737,28.4,1752240926498
0.0,0.0,2.737,28.4,1752240926566
0.0,0.0,2.716,28.4,1752240926631
0.0,0.0,2.685,28.4,1752240926700
0.0,0.0,2.622,28.4,1752240926782
0.0,0.0,2.591,28.4,1752240926815
0.0,0.0,2.601,28.4,1752240926912
0.0,0.0,2.539,28.4,1752240926949
31.71031951904297,-97.18827056884766,2.539,28.4,1752240927000
0.0,0.0,2.456,28.6,1752240927056
0.0,0.0,2.414,28.6,1752240927116
0.0,0.0,2.435,28.6,1752240927192
0.0,0.0,2.456,28.6,1752240927257
0.0,0.0,2.518,28.6,1752240927406
0.0,0.0,2.497,28.6,1752240927440
0.0,0.0,2.497,28.6,1752240927701
0.0,0.0,2.508,28.6,1752240927742
0.0,0.0,2.497,28.6,1752240927821
31.710325241088867,-97.18827056884766,2.497,28.6,1752240928000
0.0,0.0,2.497,28.6,1752240928068
0.0,0.0,2.435,28.6,1752240928147
0.0,0.0,2.456,28.6,1752240928198
0.0,0.0,2.445,28.6,1752240928276
0.0,0.0,2.414,28.6,1752240928315
0.0,0.0,2.341,28.6,1752240928394
0.0,0.0,2.247,28.6,1752240928434
0.0,0.0,2.154,28.6,1752240928513
0.0,0.0,2.102,28.6,1752240928553
0.0,0.0,2.06,28.6,1752240928841
0.0,0.0,2.029,28.6,1752240928878
0.0,0.0,1.966,28.6,1752240928943
0.0,0.0,1.935,28.6,1752240928975
31.710329055786133,-97.18827056884766,1.935,28.6,1752240929000
0.0,0.0,1.925,28.6,1752240929041
0.0,0.0,1.883,28.6,1752240929074
0.0,0.0,1.852,28.6,1752240929142
0.0,0.0,1.852,28.6,1752240929190
0.0,0.0,1.862,28.6,1752240929271
0.0,0.0,1.873,28.6,1752240929310
0.0,0.0,1.873,28.6,1752240929389
0.0,0.0,1.842,28.6,1752240929427
0.0,0.0,1.81,28.6,1752240929506
0.0,0.0,1.8,28.6,1752240929763
0.0,0.0,1.758,28.6,1752240929834
0.0,0.0,1.717,28.6,1752240929869
0.0,0.0,1.654,28.6,1752240929935
0.0,0.0,1.592,28.6,1752240929968
31.7103328704834,-97.18826293945312,1.592,28.6,1752240930000
0.0,0.0,1.54,28.6,1752240930032
0.0,0.0,1.488,28.6,1752240930065
0.0,0.0,1.425,28.6,1752240930133
0.0,0.0,1.394,28.6,1752240930184
0.0,0.0,1.363,28.6,1752240930263
0.0,0.0,1.321,28.6,1752240930302
0.0,0.0,1.259,28.6,1752240930381
0.0,0.0,1.207,28.6,1752240930420
0.0,0.0,1.175,28.6,1752240930505
0.0,0.0,1.144,28.6,1752240930769
0.0,0.0,1.134,28.6,1752240930842
0.0,0.0,1.113,28.6,1752240930876
0.0,0.0,1.082,28.6,1752240930943
0.0,0.0,1.071,28.6,1752240930976
31.710338592529297,-97.18826293945312,1.071,28.6,1752240931000
0.0,0.0,1.071,28.6,1752240931040
0.0,0.0,1.051,28.6,1752240931073
0.0,0.0,1.03,28.6,1752240931140
0.0,0.0,1.03,28.6,1752240931188
0.0,0.0,1.019,28.6,1752240931271
0.0,0.0,1.009,28.6,1752240931310
0.0,0.0,1.009,28.6,1752240931390
0.0,0.0,1.009,28.6,1752240931430
0.0,0.0,1.009,28.6,1752240931509
0.0,0.0,0.999,28.6,1752240931768
0.0,0.0,1.009,28.6,1752240931835
0.0,0.0,1.019,28.6,1752240931867
0.0,0.0,1.009,28.6,1752240931935
0.0,0.0,1.019,28.6,1752240931967
31.710342407226562,-97.18826293945312,1.019,28.6,1752240932000
0.0,0.0,1.03,28.6,1752240932033
0.0,0.0,1.03,28.6,1752240932065
0.0,0.0,1.03,28.6,1752240932134
0.0,0.0,1.019,28.6,1752240932180
0.0,0.0,0.999,28.6,1752240932264
0.0,0.0,0.978,28.6,1752240932305
0.0,0.0,0.967,28.6,1752240932384
0.0,0.0,0.957,28.6,1752240932424
0.0,0.0,0.936,28.6,1752240932501
0.0,0.0,0.915,28.6,1752240932765
0.0,0.0,0.895,28.6,1752240932832
0.0,0.0,0.895,28.6,1752240932865
0.0,0.0,0.874,28.6,1752240932934
0.0,0.0,0.853,28.6,1752240932967
31.710346221923828,-97.18826293945312,0.842,28.8,1752240933000
0.0,0.0,0.842,28.8,1752240933032
0.0,0.0,0.842,28.8,1752240933072
0.0,0.0,0.853,28.8,1752240933148
0.0,0.0,0.853,28.8,1752240933190
0.0,0.0,0.863,28.8,1752240933269
0.0,0.0,0.863,28.8,1752240933308
0.0,0.0,0.874,28.8,1752240933387
0.0,0.0,0.874,28.8,1752240933426
0.0,0.0,0.884,28.8,1752240933506
0.0,0.0,0.884,28.8,1752240933766
0.0,0.0,0.874,28.8,1752240933832
0.0,0.0,0.884,28.8,1752240933863
0.0,0.0,0.874,28.8,1752240933929
0.0,0.0,0.874,28.8,1752240933963
31.710351943969727,-97.18826293945312,0.853,28.8,1752240934000
0.0,0.0,0.853,28.8,1752240934028
0.0,0.0,0.863,28.8,1752240934061
0.0,0.0,0.842,28.8,1752240934127
0.0,0.0,0.842,28.8,1752240934168
0.0,0.0,0.842,28.8,1752240934257
0.0,0.0,0.842,28.8,1752240934295
0.0,0.0,0.842,28.8,1752240934374
0.0,0.0,0.863,28.8,1752240934413
0.0,0.0,0.874,28.8,1752240934492
0.0,0.0,0.884,28.8,1752240934751
0.0,0.0,0.874,28.8,1752240934817
0.0,0.0,0.874,28.8,1752240934850
0.0,0.0,0.884,28.8,1752240934918
0.0,0.0,0.863,28.8,1752240934950
31.710355758666992,-97.1882553100586,0.884,28.8,1752240935000
0.0,0.0,0.884,28.8,1752240935015
0.0,0.0,0.884,28.8,1752240935047
0.0,0.0,0.874,28.8,1752240935115
0.0,0.0,0.863,28.8,1752240935153
0.0,0.0,0.874,28.8,1752240935244
0.0,0.0,0.863,28.8,1752240935283
0.0,0.0,0.853,28.8,1752240935362
0.0,0.0,0.853,28.8,1752240935401
0.0,0.0,0.863,28.8,1752240935482
0.0,0.0,0.863,28.8,1752240935738
0.0,0.0,0.863,28.8,1752240935803
0.0,0.0,0.884,28.8,1752240935838
0.0,0.0,0.874,28.8,1752240935904
0.0,0.0,0.863,28.8,1752240935936
31.710359573364258,-97.1882553100586,0.874,28.8,1752240936000
0.0,0.0,0.874,28.8,1752240936002
0.0,0.0,0.884,28.8,1752240936034
0.0,0.0,0.884,28.8,1752240936102
0.0,0.0,0.895,28.8,1752240936142
0.0,0.0,0.895,28.8,1752240936231
0.0,0.0,0.905,28.8,1752240936269
0.0,0.0,0.884,28.8,1752240936349
0.0,0.0,0.884,28.8,1752240936388
0.0,0.0,0.884,28.8,1752240936467
0.0,0.0,0.874,28.8,1752240936724
0.0,0.0,0.874,28.8,1752240936789
0.0,0.0,0.884,28.8,1752240936822
0.0,0.0,0.874,28.8,1752240936890
0.0,0.0,0.874,28.8,1752240936922
0.0,0.0,0.874,28.8,1752240936988
31.710365295410156,-97.18824768066406,0.874,28.8,1752240937000
0.0,0.0,0.874,28.8,1752240937020
0.0,0.0,0.874,28.8,1752240937085
0.0,0.0,0.863,28.8,1752240937118
0.0,0.0,0.874,28.8,1752240937202
0.0,0.0,0.895,28.8,1752240937246
0.0,0.0,0.895,28.8,1752240937326
0.0,0.0,0.905,28.8,1752240937364
0.0,0.0,0.915,28.8,1752240937443
0.0,0.0,0.915,28.8,1752240937482
0.0,0.0,0.915,28.8,1752240937774
0.0,0.0,0.905,28.8,1752240937806
0.0,0.0,0.926,28.8,1752240937874
0.0,0.0,0.915,28.8,1752240937907
0.0,0.0,0.926,28.8,1752240937972
31.710369110107422,-97.18824768066406,0.915,28.8,1752240938000
0.0,0.0,0.915,28.8,1752240938004
0.0,0.0,0.905,28.8,1752240938069
0.0,0.0,0.905,28.8,1752240938101
0.0,0.0,0.884,28.8,1752240938181
0.0,0.0,0.895,28.8,1752240938228
0.0,0.0,0.884,28.8,1752240938308
0.0,0.0,0.895,28.8,1752240938346
0.0,0.0,0.895,28.8,1752240938425
0.0,0.0,0.905,28.8,1752240938464
0.0,0.0,0.884,28.8,1752240938759
0.0,0.0,0.884,28.8,1752240938790
0.0,0.0,0.884,28.8,1752240938859
0.0,0.0,0.895,28.8,1752240938892
0.0,0.0,0.895,28.8,1752240938957
0.0,0.0,0.905,28.8,1752240938990
31.710372924804688,-97.18824768066406,0.905,28.8,1752240939000
0.0,0.0,0.895,28.8,1752240939057
0.0,0.0,0.895,28.8,1752240939089
0.0,0.0,0.895,28.8,1752240939157
0.0,0.0,0.874,28.8,1752240939204
0.0,0.0,0.874,28.8,1752240939285
0.0,0.0,0.853,28.8,1752240939324
0.0,0.0,0.842,28.8,1752240939403
0.0,0.0,0.832,28.8,1752240939442
0.0,0.0,0.842,28.8,1752240939523
0.0,0.0,0.832,28.8,1752240939783
0.0,0.0,0.832,28.8,1752240939853
0.0,0.0,0.822,28.8,1752240939885
0.0,0.0,0.811,28.8,1752240939950
0.0,0.0,0.79,28.8,1752240939983
31.710378646850586,-97.18824768066406,0.79,28.8,1752240940000
0.0,0.0,0.801,28.8,1752240940051
0.0,0.0,0.801,28.8,1752240940083
0.0,0.0,0.79,28.8,1752240940157
0.0,0.0,0.801,28.8,1752240940206
0.0,0.0,0.79,28.8,1752240940287
0.0,0.0,0.79,28.8,1752240940326
0.0,0.0,0.77,28.8,1752240940406
0.0,0.0,0.759,28.8,1752240940445
0.0,0.0,0.738,28.8,1752240940524
0.0,0.0,0.738,28.8,1752240940791
0.0,0.0,0.728,28.8,1752240940862
0.0,0.0,0.738,28.8,1752240940897
0.0,0.0,0.738,28.8,1752240940964
0.0,0.0,0.738,28.8,1752240940996
31.71038246154785,-97.18824768066406,0.738,28.8,1752240941000
0.0,0.0,0.738,28.8,1752240941061
0.0,0.0,0.738,28.8,1752240941093
0.0,0.0,0.749,28.8,1752240941162
0.0,0.0,0.718,28.8,1752240941212
0.0,0.0,0.738,28.8,1752240941293
0.0,0.0,0.749,28.8,1752240941332
0.0,0.0,0.759,28.8,1752240941412
0.0,0.0,0.759,28.8,1752240941451
0.0,0.0,0.77,28.8,1752240941531
0.0,0.0,0.759,28.8,1752240941795
0.0,0.0,0.77,28.8,1752240941863
0.0,0.0,0.77,28.8,1752240941898
0.0,0.0,0.78,28.8,1752240941965
0.0,0.0,0.77,28.8,1752240941997
31.710386276245117,-97.18824768066406,0.77,28.8,1752240942000
0.0,0.0,0.77,28.8,1752240942063
0.0,0.0,0.79,28.8,1752240942097
0.0,0.0,0.79,28.8,1752240942166
0.0,0.0,0.79,28.8,1752240942216
0.0,0.0,0.79,28.8,1752240942296
0.0,0.0,0.79,28.8,1752240942335
0.0,0.0,0.77,28.8,1752240942414
0.0,0.0,0.759,28.8,1752240942453
0.0,0.0,0.77,28.8,1752240942532
0.0,0.0,0.749,28.8,1752240942793
0.0,0.0,0.749,28.8,1752240942866
0.0,0.0,0.749,28.8,1752240942898
0.0,0.0,0.738,28.8,1752240942967
0.0,0.0,0.718,28.8,1752240943000
31.710390090942383,-97.18824768066406,0.718,28.8,1752240943000
0.0,0.0,0.707,28.8,1752240943065
0.0,0.0,0.686,28.8,1752240943100
0.0,0.0,0.686,28.8,1752240943184
0.0,0.0,0.697,28.8,1752240943231
0.0,0.0,0.718,28.8,1752240943311
0.0,0.0,0.718,28.8,1752240943350
0.0,0.0,0.707,28.8,1752240943430
0.0,0.0,0.728,28.8,1752240943469
0.0,0.0,0.738,28.8,1752240943771
0.0,0.0,0.738,28.8,1752240943803
0.0,0.0,0.749,28.8,1752240943869
0.0,0.0,0.77,28.8,1752240943904
0.0,0.0,0.78,28.8,1752240943970
31.71039390563965,-97.18824005126953,0.79,28.8,1752240944000
0.0,0.0,0.79,28.8,1752240944002
0.0,0.0,0.801,28.8,1752240944068
0.0,0.0,0.79,28.8,1752240944101
0.0,0.0,0.78,28.8,1752240944183
0.0,0.0,0.78,28.8,1752240944230
0.0,0.0,0.77,28.8,1752240944310
0.0,0.0,0.77,28.8,1752240944349
0.0,0.0,0.749,28.8,1752240944428
0.0,0.0,0.728,28.8,1752240944467
0.0,0.0,0.728,28.8,1752240944776
0.0,0.0,0.707,28.8,1752240944809
0.0,0.0,0.707,28.8,1752240944874
0.0,0.0,0.707,28.8,1752240944960
0.0,0.0,0.686,28.8,1752240944998
31.710397720336914,-97.18824005126953,0.686,28.8,1752240945000
0.0,0.0,0.676,29.0,1752240945034
0.0,0.0,0.676,29.0,1752240945072
0.0,0.0,0.655,29.0,1752240945110
0.0,0.0,0.655,29.0,1752240945130
0.0,0.0,0.655,29.0,1752240945173
0.0,0.0,0.645,29.0,1752240945243
0.0,0.0,0.655,29.0,1752240945289
0.0,0.0,0.645,29.0,1752240945313
0.0,0.0,0.634,29.0,1752240945354
0.0,0.0,0.624,29.0,1752240945418
0.0,0.0,0.603,29.0,1752240945466
0.0,0.0,0.603,29.0,1752240945510
0.0,0.0,0.614,29.0,1752240945570
0.0,0.0,0.603,29.0,1752240945792
0.0,0.0,0.603,29.0,1752240945852
0.0,0.0,0.603,29.0,1752240945889
0.0,0.0,0.603,29.0,1752240945909
0.0,0.0,0.593,29.0,1752240945945
0.0,0.0,0.603,29.0,1752240945998
31.71040153503418,-97.18824005126953,0.603,29.0,1752240946000
0.0,0.0,0.634,29.0,1752240946034
0.0,0.0,0.634,29.0,1752240946053
0.0,0.0,0.645,29.0,1752240946090
0.0,0.0,0.666,29.0,1752240946186
0.0,0.0,0.666,29.0,1752240946235
0.0,0.0,0.666,29.0,1752240946279
0.0,0.0,0.676,29.0,1752240946381
0.0,0.0,0.666,29.0,1752240946417
0.0,0.0,0.666,29.0,1752240946522
0.0,0.0,0.655,29.0,1752240946779
0.0,0.0,0.645,29.0,1752240946822
0.0,0.0,0.614,29.0,1752240946854
0.0,0.0,0.593,29.0,1752240946910
0.0,0.0,0.593,29.0,1752240946946
0.0,0.0,0.582,29.0,1752240946994
31.710407257080078,-97.18824005126953,0.582,29.0,1752240947000
0.0,0.0,0.572,29.0,1752240947062
0.0,0.0,0.561,29.0,1752240947126
0.0,0.0,0.561,29.0,1752240947190
0.0,0.0,0.561,29.0,1752240947317
0.0,0.0,0.603,29.0,1752240947397
0.0,0.0,0.603,29.0,1752240947476
0.0,0.0,0.603,29.0,1752240947506
0.0,0.0,0.614,29.0,1752240947820
0.0,0.0,0.624,29.0,1752240947833
0.0,0.0,0.634,29.0,1752240947848
0.0,0.0,0.634,29.0,1752240947884
0.0,0.0,0.634,29.0,1752240947937
0.0,0.0,0.634,29.0,1752240947994
31.71040916442871,-97.18824005126953,0.634,29.0,1752240948000
0.0,0.0,0.645,29.0,1752240948044
0.0,0.0,0.645,29.0,1752240948110
0.0,0.0,0.655,29.0,1752240948191
0.0,0.0,0.603,29.0,1752240948258
0.0,0.0,0.614,29.0,1752240948344
0.0,0.0,0.614,29.0,1752240948410
0.0,0.0,0.634,29.0,1752240948452
0.0,0.0,0.645,29.0,1752240948786
0.0,0.0,0.645,29.0,1752240948815
0.0,0.0,0.655,29.0,1752240948852
0.0,0.0,0.666,29.0,1752240948888
0.0,0.0,0.686,29.0,1752240948929
0.0,0.0,0.707,29.0,1752240948952
0.0,0.0,0.707,29.0,1752240948990
31.71041488647461,-97.18824005126953,0.707,29.0,1752240949000
0.0,0.0,0.718,29.0,1752240949045
0.0,0.0,0.728,29.0,1752240949102
0.0,0.0,0.738,29.0,1752240949178
0.0,0.0,0.738,29.0,1752240949227
0.0,0.0,0.738,29.0,1752240949310
0.0,0.0,0.738,29.0,1752240949389
0.0,0.0,0.749,29.0,1752240949448
0.0,0.0,0.77,29.0,1752240949528
0.0,0.0,0.78,29.0,1752240949808
0.0,0.0,0.77,29.0,1752240949831
0.0,0.0,0.78,29.0,1752240949847
0.0,0.0,0.78,29.0,1752240949891
0.0,0.0,0.801,29.0,1752240949948
0.0,0.0,0.822,29.0,1752240949985
31.710418701171875,-97.188232421875,0.832,29.0,1752240950000
0.0,0.0,0.832,29.0,1752240950004
0.0,0.0,0.842,29.0,1752240950099
0.0,0.0,0.853,29.0,1752240950132
0.0,0.0,0.863,29.0,1752240950245
0.0,0.0,0.874,29.0,1752240950283
0.0,0.0,0.863,29.0,1752240950364
0.0,0.0,0.842,29.0,1752240950442
0.0,0.0,0.842,29.0,1752240950504
0.0,0.0,0.822,29.0,1752240950806
0.0,0.0,0.832,29.0,1752240950825
0.0,0.0,0.832,29.0,1752240950848
0.0,0.0,0.801,29.0,1752240950882
0.0,0.0,0.79,29.0,1752240950935
0.0,0.0,0.79,29.0,1752240950970
31.71042251586914,-97.188232421875,0.78,29.0,1752240951000
0.0,0.0,0.78,29.0,1752240951020
0.0,0.0,0.77,29.0,1752240951060
0.0,0.0,0.77,29.0,1752240951108
0.0,0.0,0.79,29.0,1752240951233
0.0,0.0,0.811,29.0,1752240951324
0.0,0.0,0.874,29.0,1752240951413
0.0,0.0,0.905,29.0,1752240951450
0.0,0.0,0.905,29.0,1752240951778
31.710424423217773,-97.188232421875,0.915,29.0,1752240952000
0.0,0.0,0.915,29.0,1752240952064
0.0,0.0,0.915,29.0,1752240952146
0.0,0.0,0.926,29.0,1752240952224
0.0,0.0,0.936,29.0,1752240952310
0.0,0.0,0.957,29.0,1752240952350
0.0,0.0,0.967,29.0,1752240952453
0.0,0.0,0.967,29.0,1752240952797
31.71042823791504,-97.18822479248047,0.957,29.0,1752240953000
0.0,0.0,0.957,29.0,1752240953187
0.0,0.0,0.978,29.0,1752240953266
0.0,0.0,0.915,29.0,1752240953344
0.0,0.0,0.905,29.0,1752240953425
0.0,0.0,0.863,29.0,1752240953507
0.0,0.0,1.082,29.0,1752240953591
31.710433959960938,-97.18822479248047,1.103,29.0,1752240954000
0.0,0.0,1.103,29.0,1752240954331
0.0,0.0,1.113,29.0,1752240954632
0.0,0.0,1.134,29.0,1752240954649
0.0,0.0,1.134,29.0,1752240954666
0.0,0.0,1.155,29.0,1752240954704
31.71043586730957,-97.18822479248047,1.165,29.0,1752240955000
0.0,0.0,1.165,29.0,1752240955081
0.0,0.0,1.155,29.0,1752240955097
0.0,0.0,1.123,29.0,1752240955114
0.0,0.0,1.144,29.0,1752240955148
0.0,0.0,1.134,29.0,1752240955219
0.0,0.0,1.155,29.0,1752240955309
0.0,0.0,0.895,29.0,1752240955345
0.0,0.0,0.853,29.0,1752240955387
0.0,0.0,0.822,29.0,1752240955490
0.0,0.0,0.79,29.0,1752240955555
0.0,0.0,0.77,29.0,1752240955845
0.0,0.0,0.718,29.0,1752240955865
0.0,0.0,0.666,29.0,1752240955881
0.0,0.0,0.676,29.0,1752240955919
0.0,0.0,0.676,29.0,1752240955975
31.710439682006836,-97.18822479248047,0.686,29.0,1752240956000
0.0,0.0,0.686,29.0,1752240956012
0.0,0.0,0.728,29.0,1752240956030
0.0,0.0,0.728,29.0,1752240956120
0.0,0.0,0.874,29.0,1752240956158
0.0,0.0,0.915,29.0,1752240956246
0.0,0.0,0.947,29.0,1752240956322
0.0,0.0,0.957,29.0,1752240956388
0.0,0.0,0.988,29.0,1752240956800
0.0,0.0,1.04,29.0,1752240956964
31.710445404052734,-97.18821716308594,1.04,29.0,1752240957000
0.0,0.0,1.082,29.0,1752240957380
0.0,0.0,1.103,29.0,1752240957665
31.71044921875,-97.18821716308594,1.009,29.0,1752240958000
0.0,0.0,1.009,29.0,1752240958064
0.0,0.0,1.009,29.0,1752240958080
0.0,0.0,0.988,29.0,1752240958366
0.0,0.0,1.373,29.0,1752240958830
0.0,0.0,1.363,29.0,1752240958930
0.0,0.0,1.79,29.0,1752240959011
0.0,0.0,2.414,29.0,1752240959913
0.0,0.0,3.434,29.0,1752240962314
0.0,0.0,3.507,29.0,1752240973330
0.0,0.0,4.797,29.0,1752240981996
0.0,0.0,6.16,29.0,1752240982312
0.0,0.0,7.493,29.0,1752240982612
0.0,0.0,9.636,29.0,1752240991378
0.0,0.0,10.906,28.6,1752241002479
0.0,0.0,11.468,28.6,1752241003662
0.0,0.0,12.28,28.6,1752241005562
0.0,0.0,13.643,28.6,1752241006185
0.0,0.0,14.517,28.6,1752241006996
0.0,0.0,15.1,28.4,1752241011185
0.0,0.0,15.183,28.4,1752241011496
0.0,0.0,16.484,28.4,1752241012112
0.0,0.0,16.339,28.4,1752241012729
0.0,0.0,16.047,28.4,1752241013946
0.0,0.0,15.839,28.2,1752241014213
0.0,0.0,14.725,28.2,1752241014563
0.0,0.0,14.465,28.2,1752241017812
0.0,0.0,15.038,28.2,1752241018462
0.0,0.0,15.11,28.2,1752241019378
0.0,0.0,14.819,28.2,1752241019995
31.710426330566406,-97.18824005126953,14.819,28.2,1752241020000
0.0,0.0,14.882,28.2,1752241020245
0.0,0.0,15.069,28.2,1752241020612
31.71042251586914,-97.18824005126953,15.496,28.2,1752241021000
0.0,0.0,15.496,28.2,1752241021345
0.0,0.0,15.256,28.2,1752241021732
0.0,0.0,15.808,28.2,1752241022398
0.0,0.0,16.391,28.0,1752241023531
0.0,0.0,16.786,28.0,1752241024129
0.0,0.0,17.733,28.0,1752241024495
0.0,0.0,18.056,28.0,1752241025112
0.0,0.0,17.91,28.0,1752241026246
0.0,0.0,18.087,28.0,1752241026546
0.0,0.0,18.753,28.0,1752241027778
0.0,0.0,18.701,28.0,1752241028079
0.0,0.0,18.67,28.0,1752241028695
0.0,0.0,18.659,28.0,1752241030246
0.0,0.0,18.399,28.0,1752241030546
0.0,0.0,18.295,28.0,1752241030845
31.710355758666992,-97.18824768066406,18.638,28.0,1752241031000
0.0,0.0,18.638,28.0,1752241031062
0.0,0.0,18.753,28.0,1752241031662
0.0,0.0,18.732,28.0,1752241031979
31.71034812927246,-97.18824768066406,18.732,28.0,1752241032000
0.0,0.0,18.795,28.0,1752241032864
0.0,0.0,18.878,28.0,1752241033438
0.0,0.0,18.857,28.0,1752241033631
0.0,0.0,18.566,28.0,1752241033864
31.710330963134766,-97.18824768066406,18.566,28.0,1752241034000
0.0,0.0,18.586,28.0,1752241034681
0.0,0.0,18.628,28.0,1752241035064
0.0,0.0,18.69,28.0,1752241035965
31.710317611694336,-97.18824768066406,18.69,28.0,1752241036000
0.0,0.0,18.659,28.0,1752241036193
0.0,0.0,18.899,28.0,1752241036381
0.0,0.0,18.888,28.0,1752241036545
31.710309982299805,-97.18824005126953,18.888,28.0,1752241037000
0.0,0.0,18.743,28.0,1752241037698
0.0,0.0,18.805,28.0,1752241038250
0.0,0.0,18.566,28.0,1752241038464
0.0,0.0,18.534,28.0,1752241038648
31.710304260253906,-97.18824005126953,18.618,28.0,1752241039000
0.0,0.0,18.618,28.0,1752241039148
0.0,0.0,18.826,28.0,1752241039348
0.0,0.0,2.279,28.2,1752241077159
0.0,0.0,2.258,28.2,1752241077212
0.0,0.0,2.279,28.2,1752241077269
0.0,0.0,2.279,28.2,1752241077323
0.0,0.0,2.279,28.2,1752241077357
0.0,0.0,2.299,28.2,1752241077452
0.0,0.0,2.31,28.2,1752241077521
0.0,0.0,2.32,28.2,1752241077651
0.0,0.0,2.331,28.2,1752241077900
0.0,0.0,2.331,28.2,1752241077967
0.0,0.0,2.341,28.2,1752241078029
0.0,0.0,2.341,28.2,1752241078090
0.0,0.0,2.351,28.2,1752241078131
0.0,0.0,2.351,28.2,1752241078218
0.0,0.0,2.362,28.2,1752241078278
0.0,0.0,2.362,28.2,1752241078336
0.0,0.0,2.362,28.2,1752241078395
0.0,0.0,2.341,28.2,1752241078454
0.0,0.0,2.341,28.4,1752241078592
0.0,0.0,2.341,28.4,1752241078699
0.0,0.0,2.331,28.4,1752241078747
0.0,0.0,2.362,28.4,1752241078846
0.0,0.0,2.372,28.4,1752241078961
0.0,0.0,2.383,28.4,1752241079093
0.0,0.0,2.404,28.4,1752241079145
0.0,0.0,2.393,28.4,1752241079211
0.0,0.0,2.393,28.4,1752241079288
0.0,0.0,2.414,28.4,1752241079346
0.0,0.0,2.424,28.4,1752241079425
0.0,0.0,2.456,28.4,1752241079479
0.0,0.0,2.466,28.4,1752241079560
0.0,0.0,2.476,28.4,1752241079615
0.0,0.0,2.476,28.4,1752241079694
0.0,0.0,2.466,28.4,1752241079764
0.0,0.0,2.445,28.4,1752241079842
0.0,0.0,2.435,28.4,1752241079896
0.0,0.0,2.435,28.4,1752241079975
0.0,0.0,2.424,28.4,1752241080048
0.0,0.0,2.445,28.4,1752241080102
0.0,0.0,2.414,28.4,1752241080192
0.0,0.0,2.414,28.4,1752241080266
0.0,0.0,2.383,28.4,1752241080318
0.0,0.0,2.372,28.4,1752241080401
0.0,0.0,2.383,28.4,1752241080450
0.0,0.0,2.393,28.4,1752241080531
0.0,0.0,2.404,28.4,1752241080600
0.0,0.0,2.424,28.4,1752241080676
0.0,0.0,2.424,28.4,1752241080748
0.0,0.0,2.435,28.4,1752241080801
0.0,0.0,2.456,28.4,1752241080882
0.0,0.0,2.456,28.4,1752241080951
0.0,0.0,2.476,28.4,1752241081026
0.0,0.0,2.487,28.4,1752241081105
0.0,0.0,2.497,28.4,1752241081134
0.0,0.0,2.508,28.4,1752241081244
0.0,0.0,2.508,28.4,1752241081296
0.0,0.0,2.508,28.4,1752241081375
0.0,0.0,2.508,28.4,1752241081447
0.0,0.0,2.497,28.4,1752241081499
0.0,0.0,2.497,28.4,1752241081581
0.0,0.0,2.487,28.6,1752241081652
0.0,0.0,2.456,28.6,1752241081736
0.0,0.0,2.445,28.6,1752241081785
0.0,0.0,2.445,28.6,1752241081870
0.0,0.0,2.466,28.6,1752241081919
31.709951400756836,-97.18827056884766,2.466,28.6,1752241082000
0.0,0.0,2.466,28.6,1752241082001
0.0,0.0,2.466,28.6,1752241082074
0.0,0.0,2.466,28.6,1752241082129
0.0,0.0,2.476,28.6,1752241082221
0.0,0.0,2.497,28.6,1752241082290
0.0,0.0,2.508,28.6,1752241082347
0.0,0.0,2.528,28.6,1752241082426
0.0,0.0,2.549,28.6,1752241082499
0.0,0.0,2.57,28.6,1752241082551
0.0,0.0,2.58,28.6,1752241082637
0.0,0.0,2.58,28.6,1752241082707
0.0,0.0,2.57,28.6,1752241082764
0.0,0.0,2.58,28.6,1752241082845
0.0,0.0,2.58,28.6,1752241082919
31.709957122802734,-97.18827056884766,2.591,28.6,1752241083000
0.0,0.0,2.591,28.6,1752241083007
0.0,0.0,2.58,28.6,1752241083043
0.0,0.0,2.58,28.6,1752241083157
0.0,0.0,2.56,28.6,1752241083202
0.0,0.0,2.549,28.6,1752241083762
0.0,0.0,2.539,28.6,1752241083812
0.0,0.0,2.56,28.6,1752241083900
0.0,0.0,2.57,28.6,1752241083941
31.7099609375,-97.18827056884766,2.591,28.6,1752241084000
0.0,0.0,2.591,28.6,1752241084030
0.0,0.0,2.612,28.6,1752241084072
0.0,0.0,2.601,28.6,1752241084163
0.0,0.0,2.632,28.6,1752241084215
0.0,0.0,2.643,28.6,1752241084309
0.0,0.0,2.674,28.6,1752241084398
0.0,0.0,2.653,28.6,1752241084481
0.0,0.0,2.674,28.6,1752241084514
0.0,0.0,2.705,28.6,1752241084829
0.0,0.0,2.705,28.6,1752241084925
0.0,0.0,2.674,28.6,1752241084961
31.709970474243164,-97.18826293945312,2.674,28.6,1752241085000
0.0,0.0,2.674,28.6,1752241085050
0.0,0.0,2.674,28.6,1752241085092
0.0,0.0,2.664,28.6,1752241085184
0.0,0.0,2.664,28.6,1752241085234
0.0,0.0,2.653,28.6,1752241085326
0.0,0.0,2.653,28.6,1752241085369
0.0,0.0,2.643,28.6,1752241085457
0.0,0.0,2.664,28.6,1752241085499
0.0,0.0,2.695,28.6,1752241085588
0.0,0.0,2.674,28.6,1752241085859
0.0,0.0,2.695,28.6,1752241085948
0.0,0.0,2.705,28.6,1752241085990
31.709978103637695,-97.18826293945312,2.705,28.6,1752241086000
0.0,0.0,2.705,28.6,1752241086080
0.0,0.0,2.705,28.6,1752241086124
0.0,0.0,2.716,28.6,1752241086223
0.0,0.0,2.726,28.6,1752241086264
0.0,0.0,2.747,28.6,1752241086353
0.0,0.0,2.757,28.6,1752241086396
0.0,0.0,2.757,28.6,1752241086484
0.0,0.0,2.747,28.6,1752241086526
0.0,0.0,2.747,28.6,1752241086614
0.0,0.0,2.757,28.6,1752241086888
0.0,0.0,2.747,28.6,1752241086977
0.0,0.0,2.757,28.6,1752241087023
0.0,0.0,2.757,28.6,1752241087113
0.0,0.0,2.768,28.6,1752241087159
0.0,0.0,2.778,28.6,1752241087256
0.0,0.0,2.768,28.6,1752241087298
0.0,0.0,2.789,28.6,1752241087388
0.0,0.0,2.778,28.6,1752241087447
0.0,0.0,2.799,28.6,1752241087562
0.0,0.0,2.809,28.6,1752241087616
0.0,0.0,2.809,28.6,1752241087945
31.709983825683594,-97.18826293945312,2.809,28.6,1752241088000
0.0,0.0,2.809,28.6,1752241088038
0.0,0.0,2.82,28.6,1752241088071
0.0,0.0,2.82,28.6,1752241088159
0.0,0.0,2.82,28.6,1752241088214
0.0,0.0,2.83,28.6,1752241088308
0.0,0.0,2.82,28.6,1752241088351
0.0,0.0,2.83,28.6,1752241088441
0.0,0.0,2.82,28.6,1752241088482
0.0,0.0,2.82,28.6,1752241088571
0.0,0.0,2.809,28.6,1752241088614
0.0,0.0,2.82,28.6,1752241088703
0.0,0.0,2.82,28.6,1752241088745
0.0,0.0,2.83,28.6,1752241088833
0.0,0.0,2.82,28.6,1752241088924
31.70998764038086,-97.18826293945312,2.82,28.6,1752241089000
0.0,0.0,2.82,28.6,1752241089010
0.0,0.0,2.841,28.6,1752241089044
0.0,0.0,2.83,28.6,1752241089138
0.0,0.0,2.83,28.6,1752241089189
0.0,0.0,2.83,28.6,1752241089279
0.0,0.0,2.851,28.6,1752241089320
0.0,0.0,2.841,28.6,1752241089408
0.0,0.0,2.851,28.6,1752241089450
0.0,0.0,2.851,28.6,1752241089538
0.0,0.0,2.851,28.6,1752241089811
0.0,0.0,2.851,28.6,1752241089899
0.0,0.0,2.861,28.6,1752241089941
31.709993362426758,-97.18826293945312,2.861,28.6,1752241090000
0.0,0.0,2.861,28.6,1752241090029
0.0,0.0,2.851,28.6,1752241090071
0.0,0.0,2.851,28.6,1752241090160
0.0,0.0,2.851,28.6,1752241090213
0.0,0.0,2.851,28.6,1752241090306
0.0,0.0,2.841,28.6,1752241090347
0.0,0.0,2.851,28.6,1752241090436
0.0,0.0,2.851,28.6,1752241090478
0.0,0.0,2.841,28.6,1752241090585
0.0,0.0,2.841,28.6,1752241090858
0.0,0.0,2.841,28.8,1752241090958
31.709999084472656,-97.18826293945312,2.841,28.8,1752241091000
0.0,0.0,2.841,28.8,1752241091003
0.0,0.0,2.851,28.8,1752241091092
0.0,0.0,2.861,28.8,1752241091134
0.0,0.0,2.861,28.8,1752241091233
0.0,0.0,2.861,28.8,1752241091278
0.0,0.0,2.861,28.8,1752241091398
0.0,0.0,2.861,28.8,1752241091451
0.0,0.0,2.861,28.8,1752241091567
0.0,0.0,2.861,28.8,1752241091626
0.0,0.0,2.872,28.8,1752241091953
0.0,0.0,2.872,28.8,1752241091995
0.0,0.0,2.872,28.8,1752241092083
0.0,0.0,2.872,28.8,1752241092125
0.0,0.0,2.872,28.8,1752241092224
0.0,0.0,2.861,28.8,1752241092266
0.0,0.0,2.861,28.8,1752241092354
0.0,0.0,2.861,28.8,1752241092396
0.0,0.0,2.851,28.8,1752241092513
0.0,0.0,2.851,28.8,1752241092566
0.0,0.0,2.851,28.8,1752241092686
0.0,0.0,2.851,28.8,1752241092957
31.710002899169922,-97.18826293945312,2.851,28.8,1752241093000
31.71000862121582,-97.18826293945312,2.851,28.8,1752241093000
0.0,0.0,2.851,28.8,1752241093045
0.0,0.0,2.841,28.8,1752241093091
0.0,0.0,2.841,28.8,1752241093183
0.0,0.0,2.841,28.8,1752241093233
0.0,0.0,2.841,28.8,1752241093323
0.0,0.0,2.841,28.8,1752241093365
0.0,0.0,2.841,28.8,1752241093455
0.0,0.0,2.841,28.8,1752241093496
0.0,0.0,2.841,28.8,1752241093586
0.0,0.0,2.851,28.8,1752241093629
0.0,0.0,2.851,28.8,1752241093717
0.0,0.0,2.851,28.8,1752241093760
0.0,0.0,2.851,28.8,1752241093850
0.0,0.0,2.841,28.8,1752241093892
0.0,0.0,2.851,28.8,1752241093983
0.0,0.0,2.851,28.8,1752241094029
0.0,0.0,2.851,28.8,1752241094119
0.0,0.0,2.851,28.8,1752241094166
0.0,0.0,2.851,28.8,1752241094263
0.0,0.0,2.851,28.8,1752241094305
0.0,0.0,2.851,28.8,1752241094394
0.0,0.0,2.851,28.8,1752241094436
0.0,0.0,2.851,28.8,1752241094525
0.0,0.0,2.851,28.8,1752241094567
0.0,0.0,2.851,28.8,1752241094962
31.710012435913086,-97.18826293945312,2.851,28.8,1752241095000
0.0,0.0,2.851,28.8,1752241095021
0.0,0.0,2.851,28.8,1752241095141
0.0,0.0,2.851,28.8,1752241095430
0.0,0.0,2.872,28.8,1752241095520
0.0,0.0,2.861,28.8,1752241095561
0.0,0.0,2.861,28.8,1752241095657
0.0,0.0,2.861,28.8,1752241095699
0.0,0.0,2.861,28.8,1752241095790
0.0,0.0,2.861,28.8,1752241095831
0.0,0.0,2.861,28.8,1752241095921
0.0,0.0,2.861,28.8,1752241095963
31.710018157958984,-97.18826293945312,2.861,28.8,1752241096000
0.0,0.0,2.861,28.8,1752241096054
0.0,0.0,2.861,28.8,1752241096095
0.0,0.0,2.861,28.8,1752241096188
0.0,0.0,2.861,28.8,1752241096239
0.0,0.0,2.851,28.8,1752241096330
0.0,0.0,2.861,28.8,1752241096371
0.0,0.0,2.851,28.8,1752241096475
0.0,0.0,2.872,28.8,1752241096533
0.0,0.0,2.861,28.8,1752241096660
0.0,0.0,2.861,29.0,1752241096928
0.0,0.0,2.861,29.0,1752241097032
0.0,0.0,2.861,29.0,1752241097074
0.0,0.0,2.861,29.0,1752241097165
0.0,0.0,2.861,29.0,1752241097217
0.0,0.0,2.872,29.0,1752241097319
0.0,0.0,2.861,29.0,1752241097439
0.0,0.0,2.872,29.0,1752241097517
0.0,0.0,2.872,29.0,1752241097575
0.0,0.0,2.872,29.0,1752241097691
0.0,0.0,2.861,29.0,1752241097965
31.710025787353516,-97.18826293945312,2.861,29.0,1752241098000
0.0,0.0,2.861,29.0,1752241098057
0.0,0.0,2.861,29.0,1752241098103
0.0,0.0,2.861,29.0,1752241098195
0.0,0.0,2.861,29.0,1752241098246
0.0,0.0,2.851,29.0,1752241098338
0.0,0.0,2.841,29.0,1752241098381
0.0,0.0,2.841,29.0,1752241098472
0.0,0.0,2.851,29.0,1752241098514
0.0,0.0,2.851,29.0,1752241098605
0.0,0.0,2.851,29.0,1752241098647
0.0,0.0,2.851,29.0,1752241098738
0.0,0.0,2.861,29.0,1752241098780
0.0,0.0,2.861,29.0,1752241098871
0.0,0.0,2.861,29.0,1752241098913
31.71002960205078,-97.18826293945312,2.861,29.0,1752241099000
0.0,0.0,2.861,29.0,1752241099004
0.0,0.0,2.872,29.0,1752241099050
0.0,0.0,2.872,29.0,1752241099140
0.0,0.0,2.882,29.0,1752241099193
0.0,0.0,2.882,29.0,1752241099285
0.0,0.0,2.872,29.0,1752241099327
0.0,0.0,2.882,29.0,1752241099423
0.0,0.0,2.882,29.0,1752241099482
0.0,0.0,2.882,29.0,1752241099820
0.0,0.0,2.882,29.0,1752241099863
0.0,0.0,2.872,29.0,1752241099955
0.0,0.0,2.882,29.0,1752241099997
31.71003532409668,-97.18826293945312,2.882,29.0,1752241100000
0.0,0.0,2.882,29.0,1752241100087
0.0,0.0,2.872,29.0,1752241100129
0.0,0.0,2.872,29.0,1752241100237
0.0,0.0,2.882,29.0,1752241100297
0.0,0.0,2.882,29.0,1752241100425
0.0,0.0,2.882,29.0,1752241100479
0.0,0.0,2.882,29.0,1752241100602
0.0,0.0,2.882,29.0,1752241100661
0.0,0.0,2.882,29.0,1752241100785
31.710039138793945,-97.18826293945312,2.882,29.0,1752241101000
0.0,0.0,2.882,29.0,1752241101062
0.0,0.0,2.882,29.0,1752241101153
0.0,0.0,2.882,29.0,1752241101205
0.0,0.0,2.893,29.0,1752241101301
0.0,0.0,2.893,29.0,1752241101361
0.0,0.0,2.893,29.0,1752241101486
0.0,0.0,2.893,29.0,1752241101544
0.0,0.0,2.893,29.0,1752241101670
0.0,0.0,2.882,29.0,1752241101784
0.0,0.0,2.882,29.0,1752241102080
0.0,0.0,2.882,29.0,1752241102124
0.0,0.0,2.882,29.0,1752241102225
0.0,0.0,2.882,29.0,1752241102267
0.0,0.0,2.882,29.0,1752241102396
0.0,0.0,2.882,29.0,1752241102451
0.0,0.0,2.882,29.0,1752241102576
0.0,0.0,2.882,29.0,1752241102635
0.0,0.0,2.882,29.0,1752241102756
31.710044860839844,-97.18826293945312,2.882,29.0,1752241103000
0.0,0.0,2.882,29.0,1752241103034
0.0,0.0,2.882,29.0,1752241103127
0.0,0.0,2.882,29.0,1752241103173
0.0,0.0,2.893,29.0,1752241103276
0.0,0.0,2.893,29.0,1752241103318
0.0,0.0,2.893,29.0,1752241103411
0.0,0.0,2.893,29.0,1752241103453
0.0,0.0,2.882,29.0,1752241103545
0.0,0.0,2.903,29.0,1752241103587
0.0,0.0,2.903,29.0,1752241103679
0.0,0.0,2.903,29.0,1752241103721
0.0,0.0,2.903,29.0,1752241103812
0.0,0.0,2.913,29.0,1752241103855
0.0,0.0,2.913,29.0,1752241103946
0.0,0.0,2.913,29.0,1752241103989
31.710050582885742,-97.18827056884766,2.913,29.0,1752241104000
0.0,0.0,2.913,29.0,1752241104080
0.0,0.0,2.913,29.0,1752241104121
0.0,0.0,2.903,29.0,1752241104225
0.0,0.0,2.903,29.0,1752241104267
0.0,0.0,2.913,29.0,1752241104369
0.0,0.0,2.903,29.0,1752241104428
0.0,0.0,2.903,29.0,1752241104555
0.0,0.0,2.903,29.0,1752241104615
0.0,0.0,2.903,29.0,1752241104744
31.710054397583008,-97.18827056884766,2.893,29.0,1752241105000
0.0,0.0,2.893,29.0,1752241105022
0.0,0.0,2.893,29.0,1752241105114
0.0,0.0,2.893,29.0,1752241105162
0.0,0.0,2.903,29.0,1752241105275
0.0,0.0,2.893,29.0,1752241105333
0.0,0.0,2.893,29.0,1752241105462
0.0,0.0,2.903,29.0,1752241105515
0.0,0.0,2.903,29.0,1752241105648
0.0,0.0,2.893,29.0,1752241105703
0.0,0.0,2.903,29.0,1752241106037
0.0,0.0,2.903,29.0,1752241106080
0.0,0.0,2.882,29.0,1752241106172
0.0,0.0,2.882,29.0,1752241106226
0.0,0.0,2.882,29.0,1752241106355
0.0,0.0,2.872,29.0,1752241106416
0.0,0.0,2.861,29.0,1752241106539
0.0,0.0,2.841,29.0,1752241106599
0.0,0.0,2.841,29.0,1752241106723
31.710060119628906,-97.18827056884766,2.841,29.0,1752241107000
0.0,0.0,2.841,29.0,1752241107001
0.0,0.0,2.841,29.0,1752241107094
0.0,0.0,2.851,29.0,1752241107136
0.0,0.0,2.851,29.0,1752241107242
0.0,0.0,2.851,29.0,1752241107285
0.0,0.0,2.861,29.0,1752241107376
0.0,0.0,2.872,29.0,1752241107420
0.0,0.0,2.872,29.0,1752241107511
0.0,0.0,2.861,29.0,1752241107553
0.0,0.0,2.882,29.0,1752241107645
0.0,0.0,2.903,29.0,1752241107687
0.0,0.0,2.893,29.0,1752241107779
0.0,0.0,2.893,29.0,1752241107822
0.0,0.0,2.893,29.0,1752241107913
0.0,0.0,2.893,29.0,1752241107955
31.710065841674805,-97.18827056884766,2.893,29.0,1752241108000
0.0,0.0,2.893,29.0,1752241108047
0.0,0.0,2.893,29.0,1752241108093
0.0,0.0,2.872,29.0,1752241108186
0.0,0.0,2.861,29.0,1752241108238
0.0,0.0,2.872,29.0,1752241108369
0.0,0.0,2.861,29.0,1752241108428
0.0,0.0,2.851,29.0,1752241108556
0.0,0.0,2.841,29.0,1752241108616
0.0,0.0,2.841,29.0,1752241108948
0.0,0.0,2.82,29.0,1752241108991
31.71006965637207,-97.18827056884766,2.82,29.0,1752241109000
0.0,0.0,2.841,29.0,1752241109081
0.0,0.0,2.83,29.0,1752241109123
0.0,0.0,2.82,29.0,1752241109220
0.0,0.0,2.809,29.0,1752241109258
0.0,0.0,2.809,29.0,1752241109374
0.0,0.0,2.82,29.0,1752241109426
0.0,0.0,2.809,29.0,1752241109551
0.0,0.0,2.768,29.0,1752241109603
0.0,0.0,2.757,29.0,1752241109718
0.0,0.0,2.726,29.0,1752241109795
31.71007537841797,-97.18827056884766,2.705,29.0,1752241110000
0.0,0.0,2.705,29.0,1752241110068
0.0,0.0,2.664,29.0,1752241110155
0.0,0.0,2.632,29.0,1752241110204
0.0,0.0,2.612,29.0,1752241110303
0.0,0.0,2.622,29.0,1752241110355
0.0,0.0,2.612,29.0,1752241110476
0.0,0.0,2.58,29.0,1752241110528
0.0,0.0,2.539,29.0,1752241110646
0.0,0.0,2.508,29.0,1752241110698
0.0,0.0,2.518,29.0,1752241110806
0.0,0.0,2.487,29.0,1752241111081
0.0,0.0,2.487,29.0,1752241111166
0.0,0.0,2.476,29.0,1752241111217
0.0,0.0,2.497,29.0,1752241111316
0.0,0.0,2.508,29.0,1752241111367
0.0,0.0,2.497,29.0,1752241111486
0.0,0.0,2.445,29.0,1752241111534
0.0,0.0,2.435,29.0,1752241111652
0.0,0.0,2.445,29.0,1752241111705
0.0,0.0,2.456,29.2,1752241111824
31.710079193115234,-97.18827056884766,2.445,29.2,1752241112000
0.0,0.0,2.445,29.2,1752241112095
0.0,0.0,2.424,29.2,1752241112179
0.0,0.0,2.435,29.2,1752241112229
0.0,0.0,2.424,29.2,1752241112314
0.0,0.0,2.414,29.2,1752241112355
0.0,0.0,2.372,29.2,1752241112441
0.0,0.0,2.372,29.2,1752241112479
0.0,0.0,2.351,29.2,1752241112565
0.0,0.0,2.372,29.2,1752241112603
0.0,0.0,2.383,29.2,1752241112688
0.0,0.0,2.383,29.2,1752241112726
0.0,0.0,2.383,29.2,1752241112810
0.0,0.0,2.383,29.2,1752241112849
0.0,0.0,2.393,29.2,1752241112934
0.0,0.0,2.383,29.2,1752241112971
31.710084915161133,-97.18826293945312,2.383,29.2,1752241113000
0.0,0.0,2.393,29.2,1752241113056
0.0,0.0,2.372,29.2,1752241113093
0.0,0.0,2.393,29.2,1752241113181
0.0,0.0,2.404,29.2,1752241113229
0.0,0.0,2.404,29.2,1752241113340
0.0,0.0,2.393,29.2,1752241113394
0.0,0.0,2.393,29.2,1752241113513
0.0,0.0,2.393,29.2,1752241113565
0.0,0.0,2.393,29.2,1752241113684
0.0,0.0,2.393,29.2,1752241113773
31.71009063720703,-97.18826293945312,2.383,29.2,1752241114000
0.0,0.0,2.383,29.2,1752241114043
0.0,0.0,2.404,29.2,1752241114080
0.0,0.0,2.393,29.2,1752241114166
0.0,0.0,2.424,29.2,1752241114227
0.0,0.0,2.456,29.2,1752241114346
0.0,0.0,2.456,29.2,1752241114399
0.0,0.0,2.466,29.2,1752241114519
0.0,0.0,2.466,29.2,1752241114566
0.0,0.0,2.466,29.2,1752241114690
0.0,0.0,2.466,29.2,1752241114738
0.0,0.0,2.476,29.2,1752241115078
0.0,0.0,2.497,29.2,1752241115111
0.0,0.0,2.497,29.2,1752241115199
0.0,0.0,2.487,29.2,1752241115252
0.0,0.0,2.508,29.2,1752241115366
0.0,0.0,2.487,29.2,1752241115418
0.0,0.0,2.445,29.2,1752241115536
0.0,0.0,2.466,29.2,1752241115587
0.0,0.0,2.466,29.2,1752241115700
0.0,0.0,2.466,29.2,1752241115753
31.710092544555664,-97.18826293945312,2.466,29.2,1752241116000
31.710098266601562,-97.18826293945312,2.466,29.2,1752241116000
0.0,0.0,2.466,29.2,1752241116069
0.0,0.0,2.476,29.2,1752241116110
0.0,0.0,2.487,29.2,1752241116196
0.0,0.0,2.476,29.2,1752241116241
0.0,0.0,2.508,29.2,1752241116326
0.0,0.0,2.528,29.2,1752241116363
0.0,0.0,2.528,29.2,1752241116446
0.0,0.0,2.539,29.2,1752241116484
0.0,0.0,2.58,29.2,1752241116567
0.0,0.0,2.56,29.2,1752241116604
0.0,0.0,2.58,29.2,1752241116689
0.0,0.0,2.601,29.2,1752241116726
0.0,0.0,2.612,29.2,1752241116810
0.0,0.0,2.653,29.2,1752241116847
0.0,0.0,2.653,29.2,1752241116930
0.0,0.0,2.674,29.2,1752241116972
0.0,0.0,2.643,29.2,1752241117056
0.0,0.0,2.643,29.2,1752241117095
0.0,0.0,2.653,29.2,1752241117182
0.0,0.0,2.664,29.2,1752241117227
0.0,0.0,2.674,29.2,1752241117337
0.0,0.0,2.726,29.2,1752241117388
0.0,0.0,2.747,29.2,1752241117506
0.0,0.0,2.747,29.2,1752241117561
0.0,0.0,2.757,29.2,1752241117679
0.0,0.0,2.737,29.2,1752241117731
31.71010398864746,-97.18826293945312,2.737,29.2,1752241118000
0.0,0.0,2.737,29.2,1752241118141
0.0,0.0,2.737,29.2,1752241118207
0.0,0.0,2.768,29.2,1752241118325
0.0,0.0,2.768,29.2,1752241118591
0.0,0.0,2.778,29.2,1752241118679
0.0,0.0,2.778,29.2,1752241118717
0.0,0.0,2.789,29.2,1752241118801
0.0,0.0,2.778,29.2,1752241118838
0.0,0.0,2.778,29.2,1752241118922
0.0,0.0,2.789,29.2,1752241118959
31.710107803344727,-97.18826293945312,2.789,29.2,1752241119000
0.0,0.0,2.789,29.2,1752241119043
0.0,0.0,2.809,29.2,1752241119080
0.0,0.0,2.83,29.2,1752241119164
0.0,0.0,2.841,29.2,1752241119212
0.0,0.0,2.851,29.2,1752241119331
0.0,0.0,2.861,29.2,1752241119383
0.0,0.0,2.872,29.2,1752241119500
0.0,0.0,2.872,29.2,1752241119552
0.0,0.0,2.882,29.2,1752241119670
0.0,0.0,2.882,29.2,1752241119722
0.0,0.0,2.882,29.2,1752241120042
0.0,0.0,2.893,29.2,1752241120079
0.0,0.0,2.882,29.2,1752241120164
0.0,0.0,2.882,29.2,1752241120222
0.0,0.0,2.872,29.2,1752241120334
0.0,0.0,2.872,29.2,1752241120385
0.0,0.0,2.861,29.2,1752241120503
0.0,0.0,2.851,29.2,1752241120549
0.0,0.0,2.851,29.2,1752241120667
0.0,0.0,2.851,29.2,1752241120718
31.710113525390625,-97.18826293945312,2.851,29.2,1752241121000
0.0,0.0,2.851,29.2,1752241121038
0.0,0.0,2.851,29.2,1752241121075
0.0,0.0,2.861,29.2,1752241121162
0.0,0.0,2.861,29.2,1752241121213
0.0,0.0,2.861,29.2,1752241121298
0.0,0.0,2.841,29.2,1752241121336
0.0,0.0,2.83,29.2,1752241121420
0.0,0.0,2.83,29.2,1752241121458
0.0,0.0,2.83,29.2,1752241121540
0.0,0.0,2.82,29.2,1752241121577
0.0,0.0,2.82,29.2,1752241121661
0.0,0.0,2.82,29.2,1752241121700
0.0,0.0,2.809,29.2,1752241121783
0.0,0.0,2.789,29.2,1752241121821
0.0,0.0,2.768,29.2,1752241121906
0.0,0.0,2.768,29.2,1752241121943
31.710119247436523,-97.18826293945312,2.768,29.2,1752241122000
0.0,0.0,2.768,29.2,1752241122027
0.0,0.0,2.778,29.2,1752241122071
0.0,0.0,2.768,29.2,1752241122154
0.0,0.0,2.757,29.2,1752241122220
0.0,0.0,2.737,29.2,1752241122338
0.0,0.0,2.716,29.2,1752241122392
0.0,0.0,2.716,29.2,1752241122510
0.0,0.0,2.716,29.2,1752241122563
0.0,0.0,2.705,29.2,1752241122675
0.0,0.0,2.695,29.2,1752241122935
31.71012306213379,-97.1882553100586,2.716,29.2,1752241123000
0.0,0.0,2.716,29.2,1752241123019
0.0,0.0,2.685,29.2,1752241123056
0.0,0.0,2.674,29.2,1752241123140
0.0,0.0,2.653,29.2,1752241123192
0.0,0.0,2.674,29.2,1752241123315
0.0,0.0,2.664,29.2,1752241123368
0.0,0.0,2.674,29.2,1752241123485
0.0,0.0,2.664,29.2,1752241123537
0.0,0.0,2.664,29.2,1752241123649
0.0,0.0,2.643,29.2,1752241123701
31.710128784179688,-97.1882553100586,2.653,29.2,1752241124000
0.0,0.0,2.653,29.2,1752241124019
0.0,0.0,2.674,29.2,1752241124101
0.0,0.0,2.653,29.2,1752241124143
0.0,0.0,2.685,29.2,1752241124255
0.0,0.0,2.674,29.2,1752241124306
0.0,0.0,2.664,29.2,1752241124423
0.0,0.0,2.643,29.2,1752241124480
0.0,0.0,2.653,29.2,1752241124597
0.0,0.0,2.632,29.2,1752241124650
0.0,0.0,2.632,29.2,1752241124977
31.710132598876953,-97.1882553100586,2.632,29.2,1752241125000
0.0,0.0,2.632,29.2,1752241125015
0.0,0.0,2.612,29.2,1752241125098
0.0,0.0,2.601,29.2,1752241125139
0.0,0.0,2.56,29.2,1752241125245
0.0,0.0,2.57,29.2,1752241125297
0.0,0.0,2.528,29.2,1752241125417
0.0,0.0,2.508,29.2,1752241125468
0.0,0.0,2.508,29.2,1752241125581
0.0,0.0,2.497,29.2,1752241125635
0.0,0.0,2.466,29.2,1752241125743
0.0,0.0,2.456,29.2,1752241126014
0.0,0.0,2.445,29.2,1752241126097
0.0,0.0,2.424,29.2,1752241126135
0.0,0.0,2.435,29.2,1752241126250
0.0,0.0,2.435,29.2,1752241126297
0.0,0.0,2.435,29.2,1752241126415
0.0,0.0,2.424,29.2,1752241126467
0.0,0.0,2.445,29.2,1752241126579
0.0,0.0,2.435,29.2,1752241126632
0.0,0.0,2.424,29.2,1752241126740
31.71013832092285,-97.1882553100586,2.424,29.2,1752241127000
0.0,0.0,2.424,29.2,1752241127005
0.0,0.0,2.435,29.2,1752241127089
0.0,0.0,2.414,29.2,1752241127126
0.0,0.0,2.404,29.2,1752241127221
0.0,0.0,2.393,29.2,1752241127259
0.0,0.0,2.372,29.2,1752241127347
0.0,0.0,2.372,29.2,1752241127384
0.0,0.0,2.362,29.2,1752241127470
0.0,0.0,2.351,29.2,1752241127507
0.0,0.0,2.341,29.2,1752241127590
0.0,0.0,2.331,29.2,1752241127627
0.0,0.0,2.331,29.2,1752241127711
0.0,0.0,2.32,29.2,1752241127749
0.0,0.0,2.32,29.2,1752241127832
0.0,0.0,2.32,29.2,1752241127870
0.0,0.0,2.331,29.2,1752241127954
0.0,0.0,2.341,29.2,1752241127991
31.71014404296875,-97.1882553100586,2.341,29.2,1752241128000
0.0,0.0,2.331,29.2,1752241128075
0.0,0.0,2.331,29.2,1752241128112
0.0,0.0,2.341,29.2,1752241128208
0.0,0.0,2.341,29.2,1752241128249
0.0,0.0,2.341,29.2,1752241128349
0.0,0.0,2.341,29.2,1752241128404
0.0,0.0,2.331,29.2,1752241128521
0.0,0.0,2.341,29.2,1752241128572
0.0,0.0,2.341,29.2,1752241128690
0.0,0.0,2.32,29.2,1752241128741
31.71014976501465,-97.1882553100586,2.32,29.2,1752241129000
0.0,0.0,2.32,29.2,1752241129061
0.0,0.0,2.31,29.2,1752241129098
0.0,0.0,2.31,29.2,1752241129182
0.0,0.0,2.31,29.2,1752241129231
0.0,0.0,2.299,29.2,1752241129354
0.0,0.0,2.299,29.2,1752241129406
0.0,0.0,2.289,29.2,1752241129525
0.0,0.0,2.289,29.2,1752241129572
0.0,0.0,2.289,29.2,1752241129689
0.0,0.0,2.289,29.2,1752241129739
31.710153579711914,-97.1882553100586,2.289,29.2,1752241130000
0.0,0.0,2.289,29.2,1752241130059
0.0,0.0,2.289,29.2,1752241130096
0.0,0.0,2.289,29.2,1752241130183
0.0,0.0,2.289,29.2,1752241130233
0.0,0.0,2.289,29.2,1752241130350
0.0,0.0,2.289,29.2,1752241130402
0.0,0.0,2.289,29.2,1752241130517
0.0,0.0,2.289,29.2,1752241130568
0.0,0.0,2.289,29.2,1752241130688
0.0,0.0,2.289,29.2,1752241130739
0.0,0.0,2.279,29.2,1752241131062
0.0,0.0,2.268,29.2,1752241131099
0.0,0.0,2.268,29.2,1752241131186
0.0,0.0,2.268,29.2,1752241131235
0.0,0.0,2.268,29.2,1752241131351
0.0,0.0,2.258,29.2,1752241131403
0.0,0.0,2.258,29.2,1752241131544
0.0,0.0,2.258,29.2,1752241131588
0.0,0.0,2.247,29.2,1752241131699
0.0,0.0,2.237,29.2,1752241131981
31.71015739440918,-97.1882553100586,2.237,29.2,1752241132000
31.710163116455078,-97.1882553100586,2.237,29.2,1752241132000
0.0,0.0,2.237,29.2,1752241132065
0.0,0.0,2.237,29.2,1752241132102
0.0,0.0,2.227,29.2,1752241132191
0.0,0.0,2.237,29.2,1752241132236
0.0,0.0,2.216,29.2,1752241132320
0.0,0.0,2.216,29.2,1752241132359
0.0,0.0,2.195,29.2,1752241132442
0.0,0.0,2.195,29.2,1752241132479
0.0,0.0,2.175,29.2,1752241132563
0.0,0.0,2.154,29.2,1752241132601
0.0,0.0,2.164,29.2,1752241132683
0.0,0.0,2.164,29.2,1752241132720
0.0,0.0,2.154,29.2,1752241132803
0.0,0.0,2.133,29.2,1752241132841
0.0,0.0,2.112,29.2,1752241132924
0.0,0.0,2.091,29.2,1752241132961
0.0,0.0,2.102,29.2,1752241133049
0.0,0.0,2.091,29.2,1752241133087
0.0,0.0,2.081,29.2,1752241133170
0.0,0.0,2.07,29.2,1752241133219
0.0,0.0,2.07,29.2,1752241133331
0.0,0.0,2.06,29.2,1752241133382
0.0,0.0,2.039,29.2,1752241133499
0.0,0.0,2.039,29.2,1752241133551
0.0,0.0,2.029,29.2,1752241133663
0.0,0.0,2.018,29.2,1752241133714
31.710168838500977,-97.1882553100586,1.998,29.2,1752241134000
0.0,0.0,1.998,29.2,1752241134144
0.0,0.0,1.998,29.2,1752241134210
0.0,0.0,1.977,29.2,1752241134325
0.0,0.0,1.966,29.2,1752241134603
0.0,0.0,1.956,29.2,1752241134691
0.0,0.0,1.946,29.2,1752241134729
0.0,0.0,1.925,29.2,1752241134813
0.0,0.0,1.914,29.2,1752241134850
0.0,0.0,1.914,29.2,1752241134934
0.0,0.0,1.904,29.2,1752241134972
31.710172653198242,-97.1882553100586,1.904,29.2,1752241135000
0.0,0.0,1.894,29.2,1752241135055
0.0,0.0,1.883,29.2,1752241135092
0.0,0.0,1.873,29.2,1752241135176
0.0,0.0,1.862,29.2,1752241135223
0.0,0.0,1.862,29.2,1752241135337
0.0,0.0,1.852,29.2,1752241135384
0.0,0.0,1.842,29.2,1752241135500
0.0,0.0,1.831,29.2,1752241135552
0.0,0.0,1.821,29.2,1752241135670
0.0,0.0,1.81,29.2,1752241135726
0.0,0.0,1.79,29.2,1752241136045
0.0,0.0,1.779,29.2,1752241136083
0.0,0.0,1.779,29.2,1752241136166
0.0,0.0,1.769,29.2,1752241136218
0.0,0.0,1.758,29.2,1752241136333
0.0,0.0,1.748,29.2,1752241136383
0.0,0.0,1.727,29.2,1752241136500
0.0,0.0,1.696,29.2,1752241136552
0.0,0.0,1.685,29.2,1752241136666
0.0,0.0,1.696,29.2,1752241136718
31.71017837524414,-97.18824768066406,1.685,29.2,1752241137000
31.71018409729004,-97.18824768066406,1.685,29.2,1752241137000
0.0,0.0,1.685,29.2,1752241137027
0.0,0.0,1.675,29.2,1752241137065
0.0,0.0,1.675,29.2,1752241137153
0.0,0.0,1.665,29.2,1752241137201
0.0,0.0,1.644,29.2,1752241137285
0.0,0.0,1.613,29.2,1752241137324
0.0,0.0,1.602,29.2,1752241137409
0.0,0.0,1.581,29.2,1752241137446
0.0,0.0,1.561,29.2,1752241137530
0.0,0.0,1.561,29.2,1752241137567
0.0,0.0,1.54,29.2,1752241137653
0.0,0.0,1.519,29.2,1752241137691
0.0,0.0,1.498,29.2,1752241137775
0.0,0.0,1.498,29.2,1752241137813
0.0,0.0,1.477,29.2,1752241137897
0.0,0.0,1.456,29.2,1752241137934
0.0,0.0,1.436,29.2,1752241138022
0.0,0.0,1.436,29.2,1752241138061
0.0,0.0,1.436,29.2,1752241138146
0.0,0.0,1.436,29.2,1752241138193
0.0,0.0,1.436,29.4,1752241138302
0.0,0.0,1.425,29.4,1752241138357
0.0,0.0,1.415,29.4,1752241138476
0.0,0.0,1.394,29.4,1752241138528
0.0,0.0,1.373,29.4,1752241138646
0.0,0.0,1.363,29.4,1752241138993
31.710186004638672,-97.18824768066406,1.363,29.4,1752241139000
0.0,0.0,1.363,29.4,1752241139105
0.0,0.0,1.363,29.4,1752241139156
0.0,0.0,1.352,29.4,1752241139280
0.0,0.0,1.342,29.4,1752241139554
0.0,0.0,1.321,29.4,1752241139639
0.0,0.0,1.3,29.4,1752241139680
0.0,0.0,1.28,29.4,1752241139764
0.0,0.0,1.259,29.4,1752241139802
0.0,0.0,1.259,29.4,1752241139886
0.0,0.0,1.269,29.4,1752241139924
31.710189819335938,-97.18824768066406,1.259,29.4,1752241140000
0.0,0.0,1.259,29.4,1752241140008
0.0,0.0,1.259,29.4,1752241140046
0.0,0.0,1.228,29.4,1752241140130
0.0,0.0,1.217,29.4,1752241140170
0.0,0.0,1.217,29.4,1752241140296
0.0,0.0,1.207,29.4,1752241140348
0.0,0.0,1.207,29.4,1752241140464
0.0,0.0,1.196,29.4,1752241140512
0.0,0.0,1.196,29.4,1752241140630
0.0,0.0,1.207,29.4,1752241140723
0.0,0.0,1.217,29.4,1752241140997
0.0,0.0,1.186,29.4,1752241141035
0.0,0.0,1.175,29.4,1752241141119
0.0,0.0,1.175,29.4,1752241141159
0.0,0.0,1.186,29.4,1752241141265
0.0,0.0,1.175,29.4,1752241141317
0.0,0.0,1.144,29.4,1752241141429
0.0,0.0,1.134,29.4,1752241141481
0.0,0.0,1.113,29.4,1752241141593
0.0,0.0,1.082,29.4,1752241141645
0.0,0.0,1.061,29.4,1752241141754
31.710195541381836,-97.18824768066406,1.03,29.4,1752241142000
31.7101993560791,-97.18824768066406,1.03,29.4,1752241142000
0.0,0.0,1.03,29.4,1752241142050
0.0,0.0,1.009,29.4,1752241142087
0.0,0.0,0.999,29.4,1752241142175
0.0,0.0,0.978,29.4,1752241142228
0.0,0.0,0.957,29.4,1752241142313
0.0,0.0,0.936,29.4,1752241142351
0.0,0.0,0.936,29.4,1752241142436
0.0,0.0,0.947,29.4,1752241142474
0.0,0.0,0.936,29.4,1752241142557
0.0,0.0,0.947,29.4,1752241142595
0.0,0.0,0.957,29.4,1752241142679
0.0,0.0,0.957,29.4,1752241142716
0.0,0.0,0.957,29.4,1752241142801
0.0,0.0,0.957,29.4,1752241142838
0.0,0.0,0.967,29.4,1752241142922
0.0,0.0,0.967,29.4,1752241142963
0.0,0.0,0.957,29.4,1752241143047
0.0,0.0,0.947,29.4,1752241143086
0.0,0.0,0.915,29.4,1752241143169
0.0,0.0,0.895,29.4,1752241143218
0.0,0.0,0.874,29.4,1752241143322
0.0,0.0,0.853,29.4,1752241143375
0.0,0.0,0.832,29.4,1752241143495
0.0,0.0,0.811,29.4,1752241143547
0.0,0.0,0.78,29.4,1752241143661
0.0,0.0,0.78,29.4,1752241143769
31.710205078125,-97.18824768066406,0.749,29.4,1752241144000
0.0,0.0,0.749,29.4,1752241144117
0.0,0.0,0.728,29.4,1752241144173
0.0,0.0,0.718,29.4,1752241144295
0.0,0.0,0.728,29.4,1752241144566
0.0,0.0,0.738,29.4,1752241144654
0.0,0.0,0.718,29.4,1752241144692
0.0,0.0,0.707,29.4,1752241144776
0.0,0.0,0.707,29.4,1752241144813
0.0,0.0,0.697,29.4,1752241144897
0.0,0.0,0.697,29.4,1752241144934
31.7102108001709,-97.18824005126953,0.697,29.4,1752241145000
0.0,0.0,0.697,29.4,1752241145019
0.0,0.0,0.676,29.4,1752241145056
0.0,0.0,0.686,29.4,1752241145140
0.0,0.0,0.697,29.4,1752241145188
0.0,0.0,0.697,29.4,1752241145306
0.0,0.0,0.697,29.4,1752241145358
0.0,0.0,0.686,29.4,1752241145471
0.0,0.0,0.686,29.4,1752241145524
0.0,0.0,0.686,29.4,1752241145647
0.0,0.0,0.666,29.4,1752241145732
31.71021270751953,-97.18824005126953,0.686,29.4,1752241146000
0.0,0.0,0.686,29.4,1752241146005
0.0,0.0,0.676,29.4,1752241146042
0.0,0.0,0.686,29.4,1752241146126
0.0,0.0,0.686,29.4,1752241146167
0.0,0.0,0.686,29.4,1752241146295
0.0,0.0,0.686,29.4,1752241146323
0.0,0.0,0.697,29.4,1752241146346
0.0,0.0,0.707,29.4,1752241146404
0.0,0.0,0.749,29.4,1752241146498
0.0,0.0,0.77,29.4,1752241146644
0.0,0.0,0.78,29.4,1752241146671
0.0,0.0,0.842,29.4,1752241147019
0.0,0.0,0.905,29.4,1752241147058
0.0,0.0,0.967,29.4,1752241147142
0.0,0.0,1.123,29.4,1752241147250
0.0,0.0,1.28,29.4,1752241147297
0.0,0.0,1.415,29.4,1752241147415
0.0,0.0,1.55,29.4,1752241147469
0.0,0.0,1.675,29.4,1752241147582
0.0,0.0,1.821,29.4,1752241147612
0.0,0.0,1.956,29.4,1752241147636
0.0,0.0,2.56,29.4,1752241148691
0.0,0.0,3.33,29.4,1752241149009
0.0,0.0,4.089,29.4,1752241149203
0.0,0.0,4.818,29.4,1752241149558
0.0,0.0,5.515,29.4,1752241149707
0.0,0.0,6.431,29.4,1752241150241
0.0,0.0,7.191,29.4,1752241150357
0.0,0.0,8.013,29.4,1752241150557
0.0,0.0,8.918,29.4,1752241151024
0.0,0.0,9.126,29.4,1752241151141
0.0,0.0,9.522,29.4,1752241151358
0.0,0.0,10.271,29.4,1752241151657
0.0,0.0,9.938,29.4,1752241151942
0.0,0.0,9.47,29.4,1752241152074
0.0,0.0,9.158,29.4,1752241152204
0.0,0.0,8.897,29.4,1752241152440
0.0,0.0,9.074,29.4,1752241152774
0.0,0.0,8.7,29.4,1752241152911
0.0,0.0,8.44,29.4,1752241153108
0.0,0.0,8.034,29.4,1752241153140
0.0,0.0,7.617,29.4,1752241153407
0.0,0.0,7.846,29.4,1752241153740
0.0,0.0,7.867,29.4,1752241153825
0.0,0.0,7.545,29.4,1752241153904
0.0,0.0,8.169,29.4,1752241153987
0.0,0.0,8.897,29.4,1752241154219
0.0,0.0,9.543,29.4,1752241154390
0.0,0.0,10.438,29.4,1752241154624
0.0,0.0,10.573,29.4,1752241154657
0.0,0.0,11.364,29.4,1752241154747
0.0,0.0,11.916,29.4,1752241154892
0.0,0.0,12.353,29.4,1752241155074
0.0,0.0,12.686,29.4,1752241155107
0.0,0.0,12.748,29.4,1752241155243
0.0,0.0,12.675,29.4,1752241155278
0.0,0.0,12.967,29.4,1752241155371
0.0,0.0,12.925,29.4,1752241155590
0.0,0.0,12.342,29.4,1752241155774
0.0,0.0,12.321,29.4,1752241156039
0.0,0.0,11.811,29.4,1752241156142
0.0,0.0,11.655,29.4,1752241156187
0.0,0.0,11.406,29.4,1752241156345
0.0,0.0,11.302,29.4,1752241156438
0.0,0.0,11.406,29.4,1752241156622
0.0,0.0,11.499,29.4,1752241156657
0.0,0.0,11.53,29.4,1752241156907
0.0,0.0,11.572,29.4,1752241156992
0.0,0.0,11.354,29.4,1752241157074
0.0,0.0,11.01,29.4,1752241157107
0.0,0.0,11.395,29.4,1752241157358
0.0,0.0,11.052,29.4,1752241157442
0.0,0.0,11.062,29.4,1752241157526
0.0,0.0,11.281,29.4,1752241157610
0.0,0.0,11.437,29.4,1752241157729
0.0,0.0,11.77,29.4,1752241157874
0.0,0.0,11.718,29.4,1752241157954
0.0,0.0,11.957,29.4,1752241158176
0.0,0.0,12.165,29.4,1752241158269
0.0,0.0,12.446,29.4,1752241158524
0.0,0.0,12.311,29.4,1752241158604
0.0,0.0,12.415,29.4,1752241158692
0.0,0.0,12.04,29.4,1752241158776
0.0,0.0,12.144,29.4,1752241158893
31.710294723510742,-97.18822479248047,12.613,29.4,1752241159000
0.0,0.0,12.613,29.4,1752241159020
0.0,0.0,12.519,29.4,1752241159054
0.0,0.0,12.571,29.4,1752241159215
0.0,0.0,12.478,29.4,1752241159357
0.0,0.0,12.405,29.4,1752241159557
0.0,0.0,12.207,29.4,1752241159590
0.0,0.0,12.29,29.4,1752241160139
0.0,0.0,12.02,29.4,1752241160196
0.0,0.0,12.415,29.4,1752241160289
0.0,0.0,12.571,29.4,1752241160333
0.0,0.0,12.915,29.4,1752241160429
0.0,0.0,13.268,29.4,1752241160539
0.0,0.0,13.185,29.4,1752241160643
0.0,0.0,13.466,29.4,1752241160674
0.0,0.0,13.789,29.4,1752241160994
0.0,0.0,14.184,29.4,1752241161025
0.0,0.0,14.611,29.4,1752241161058
31.71027946472168,-97.18824768066406,14.642,29.4,1752241163000
0.0,0.0,14.642,29.4,1752241163141
0.0,0.0,14.715,29.4,1752241163258
0.0,0.0,14.663,29.4,1752241163291
0.0,0.0,14.528,29.4,1752241163326
0.0,0.0,14.236,29.4,1752241163427
0.0,0.0,14.174,29.4,1752241163642
0.0,0.0,13.737,29.4,1752241163709
0.0,0.0,13.799,29.4,1752241164365
0.0,0.0,13.674,29.4,1752241164400
0.0,0.0,13.487,29.4,1752241164442
0.0,0.0,13.341,29.4,1752241164474
0.0,0.0,13.456,29.4,1752241164509
0.0,0.0,13.893,29.4,1752241164540
0.0,0.0,14.028,29.4,1752241164575
0.0,0.0,14.382,29.4,1752241164608
0.0,0.0,14.486,29.4,1752241164887
0.0,0.0,14.965,29.4,1752241164924
0.0,0.0,15.308,29.4,1752241164959
0.0,0.0,15.818,29.4,1752241165007
0.0,0.0,16.089,29.4,1752241166791
0.0,0.0,16.401,29.4,1752241166940
0.0,0.0,16.536,29.4,1752241168107
0.0,0.0,16.547,29.2,1752241169240
0.0,0.0,16.661,29.2,1752241169540
0.0,0.0,16.713,29.2,1752241169856
0.0,0.0,16.911,29.2,1752241171690
0.0,0.0,17.161,29.2,1752241172240
0.0,0.0,17.442,29.2,1752241172541
31.710262298583984,-97.18824768066406,17.504,29.2,1752241173000
0.0,0.0,17.504,29.2,1752241173256
0.0,0.0,17.577,29.2,1752241173423
0.0,0.0,17.556,29.2,1752241173774
31.710256576538086,-97.18824768066406,17.556,29.2,1752241174000
0.0,0.0,17.483,29.2,1752241174922
31.71025276184082,-97.18824005126953,17.483,29.2,1752241175000
0.0,0.0,17.702,29.2,1752241175423
0.0,0.0,17.858,29.2,1752241175589
0.0,0.0,18.17,29.2,1752241175969
31.710247039794922,-97.18824005126953,18.17,29.2,1752241176000
0.0,0.0,18.222,29.2,1752241176607
0.0,0.0,18.42,29.2,1752241176853
31.71023941040039,-97.18824005126953,18.42,29.2,1752241177000
0.0,0.0,18.493,29.2,1752241177206
0.0,0.0,18.493,29.0,1752241177723
0.0,0.0,18.42,29.0,1752241178019
0.0,0.0,18.347,29.0,1752241179074
0.0,0.0,18.264,29.0,1752241179557
31.710224151611328,-97.18822479248047,18.16,29.0,1752241180000
31.710216522216797,-97.18822479248047,18.16,29.0,1752241180000
0.0,0.0,18.16,29.0,1752241180073
0.0,0.0,18.233,29.0,1752241180389
0.0,0.0,18.16,29.0,1752241180706
0.0,0.0,18.191,29.0,1752241180940
0.0,0.0,18.274,29.0,1752241182296
0.0,0.0,18.378,29.0,1752241182782
31.710205078125,-97.1882095336914,18.378,29.0,1752241183000
0.0,0.0,18.347,29.0,1752241183484
0.0,0.0,18.441,29.0,1752241183806
0.0,0.0,18.503,29.0,1752241183956
31.71019744873047,-97.18820190429688,18.503,29.0,1752241184000
0.0,0.0,18.409,29.0,1752241184907
0.0,0.0,18.462,29.0,1752241185773
0.0,0.0,18.441,29.0,1752241186224
0.0,0.0,18.586,28.8,1752241187655
0.0,0.0,18.566,28.8,1752241188590
0.0,0.0,18.701,28.8,1752241189089
0.0,0.0,18.576,28.8,1752241189972
0.0,0.0,18.399,28.8,1752241190955
0.0,0.0,18.378,28.8,1752241191540
0.0,0.0,18.42,28.8,1752241191873
0.0,0.0,18.357,28.8,1752241192156
0.0,0.0,18.326,28.8,1752241192705
0.0,0.0,18.576,28.8,1752241194217
0.0,0.0,18.586,28.8,1752241194839
31.710166931152344,-97.18811798095703,18.68,28.8,1752241195000
0.0,0.0,18.68,28.8,1752241195138
0.0,0.0,18.68,28.6,1752241195705
31.71016502380371,-97.1881103515625,18.628,28.6,1752241196000
0.0,0.0,18.628,28.6,1752241196053
0.0,0.0,18.524,28.6,1752241196373
0.0,0.0,18.67,28.6,1752241196921
0.0,0.0,18.732,28.6,1752241197588
0.0,0.0,18.638,28.6,1752241198788
0.0,0.0,18.638,28.6,1752241199005
0.0,0.0,18.722,28.6,1752241199938
31.71016502380371,-97.18807983398438,18.722,28.6,1752241200000
0.0,0.0,18.878,28.6,1752241200271
0.0,0.0,18.815,28.6,1752241200555
0.0,0.0,18.961,28.6,1752241201122
0.0,0.0,18.867,28.6,1752241202021
31.710163116455078,-97.18806457519531,18.899,28.6,1752241203000
0.0,0.0,18.899,28.6,1752241203021
0.0,0.0,18.888,28.6,1752241203238
0.0,0.0,18.94,28.6,1752241203854
31.710161209106445,-97.18806457519531,18.784,28.6,1752241204000
0.0,0.0,18.784,28.6,1752241204138
0.0,0.0,18.857,28.4,1752241205056
0.0,0.0,19.076,28.4,1752241205248
0.0,0.0,19.086,28.4,1752241206138
0.0,0.0,19.148,28.4,1752241207538
0.0,0.0,19.096,28.4,1752241208671
0.0,0.0,19.117,28.4,1752241208954
31.71015739440918,-97.18806457519531,19.117,28.4,1752241209000
0.0,0.0,18.805,28.4,1752241209272
0.0,0.0,18.878,28.4,1752241209887
31.71015739440918,-97.18806457519531,18.878,28.4,1752241210000
0.0,0.0,18.919,28.4,1752241210199
0.0,0.0,18.909,28.4,1752241210487
31.71015739440918,-97.18806457519531,18.961,28.4,1752241211000
0.0,0.0,18.961,28.4,1752241211404
0.0,0.0,18.982,28.4,1752241211802
0.0,0.0,18.94,28.4,1752241212339
31.710161209106445,-97.18807220458984,18.805,28.4,1752241213000
0.0,0.0,18.805,28.4,1752241213271
0.0,0.0,18.795,28.4,1752241213421
0.0,0.0,18.847,28.4,1752241213572
0.0,0.0,18.878,28.4,1752241213788
31.71015739440918,-97.18807220458984,18.961,28.4,1752241214000
0.0,0.0,18.961,28.4,1752241214087
0.0,0.0,19.2,28.4,1752241215173
0.0,0.0,19.211,28.4,1752241215342
0.0,0.0,19.232,28.4,1752241216321
0.0,0.0,19.252,28.4,1752241217454
0.0,0.0,19.273,28.4,1752241217770
0.0,0.0,19.398,28.4,1752241218603
0.0,0.0,19.315,28.4,1752241218887
0.0,0.0,18.992,28.2,1752241222536
0.0,0.0,18.69,28.2,1752241222924
0.0,0.0,17.598,28.2,1752241224356
0.0,0.0,16.588,28.2,1752241224423
0.0,0.0,15.496,28.2,1752241224488
0.0,0.0,14.372,28.2,1752241224557
0.0,0.0,13.81,28.2,1752241224621
0.0,0.0,13.373,28.2,1752241224767
0.0,0.0,12.852,28.2,1752241224847
0.0,0.0,12.498,28.2,1752241224888
0.0,0.0,11.895,28.2,1752241224922
0.0,0.0,11.458,28.2,1752241225037
0.0,0.0,11.291,28.2,1752241225195
0.0,0.0,11.218,28.2,1752241225255
0.0,0.0,12.051,28.2,1752241225350
0.0,0.0,12.738,28.2,1752241225453
0.0,0.0,13.352,28.2,1752241225520
0.0,0.0,14.236,28.2,1752241225591
0.0,0.0,14.163,28.2,1752241225688
0.0,0.0,13.893,28.2,1752241225735
0.0,0.0,13.653,28.2,1752241225820
0.0,0.0,13.601,28.2,1752241225886
0.0,0.0,13.362,28.2,1752241226037
0.0,0.0,13.102,28.2,1752241226070
0.0,0.0,12.758,28.2,1752241226153
0.0,0.0,12.373,28.2,1752241226235
0.0,0.0,11.499,28.2,1752241226289
0.0,0.0,10.75,28.2,1752241226367
0.0,0.0,9.969,28.2,1752241226437
0.0,0.0,9.074,28.2,1752241226503
0.0,0.0,8.783,28.2,1752241226653
0.0,0.0,8.564,28.2,1752241226685
0.0,0.0,8.606,28.2,1752241226721
0.0,0.0,8.356,28.2,1752241226770
0.0,0.0,8.637,28.2,1752241226853
0.0,0.0,8.918,28.2,1752241226920
0.0,0.0,9.22,28.2,1752241226988
0.0,0.0,9.553,28.2,1752241227069
0.0,0.0,9.876,28.2,1752241227137
0.0,0.0,10.021,28.2,1752241227212
0.0,0.0,10.167,28.2,1752241227270
0.0,0.0,10.178,28.2,1752241227336
0.0,0.0,10.302,28.2,1752241227403
0.0,0.0,10.469,28.2,1752241227471
0.0,0.0,10.438,28.2,1752241227553
0.0,0.0,10.469,28.2,1752241227686
0.0,0.0,10.365,28.2,1752241227722
0.0,0.0,10.334,28.2,1752241227837
0.0,0.0,10.354,28.2,1752241227987
31.709882736206055,-97.18814849853516,10.354,28.2,1752241228000
0.0,0.0,10.209,28.2,1752241228021
0.0,0.0,10.126,28.2,1752241228056
0.0,0.0,10.126,28.2,1752241228117
0.0,0.0,10.157,28.2,1752241228174
0.0,0.0,10.073,28.2,1752241228254
0.0,0.0,10.115,28.2,1752241228334
0.0,0.0,10.105,28.2,1752241228388
0.0,0.0,10.063,28.2,1752241228453
0.0,0.0,10.032,28.2,1752241228519
0.0,0.0,10.084,28.2,1752241228589
0.0,0.0,10.042,28.2,1752241228687
0.0,0.0,10.032,28.2,1752241228742
0.0,0.0,10.011,28.2,1752241228836
0.0,0.0,10.011,28.2,1752241228889
0.0,0.0,9.969,28.2,1752241228967
0.0,0.0,9.98,28.2,1752241229022
0.0,0.0,9.959,28.2,1752241229102
0.0,0.0,9.876,28.2,1752241229153
0.0,0.0,9.813,28.2,1752241229236
0.0,0.0,9.824,28.2,1752241229303
0.0,0.0,9.917,28.2,1752241229387
0.0,0.0,9.626,28.2,1752241229519
0.0,0.0,9.387,28.2,1752241229820
0.0,0.0,9.147,28.2,1752241229852
0.0,0.0,8.866,28.2,1752241229887
0.0,0.0,8.7,28.2,1752241229919
0.0,0.0,8.429,28.2,1752241229953
0.0,0.0,8.221,28.2,1752241230200
0.0,0.0,8.002,28.2,1752241230238
0.0,0.0,7.846,28.2,1752241230306
0.0,0.0,7.586,28.2,1752241230357
0.0,0.0,7.295,28.2,1752241230454
0.0,0.0,6.941,28.2,1752241230503
0.0,0.0,6.774,28.2,1752241230554
0.0,0.0,6.67,28.2,1752241230619
0.0,0.0,6.577,28.2,1752241230770
0.0,0.0,6.441,28.2,1752241231269
0.0,0.0,6.285,28.2,1752241231302
0.0,0.0,6.15,28.2,1752241231402
0.0,0.0,6.036,28.2,1752241231569
0.0,0.0,5.911,28.2,1752241231602
0.0,0.0,5.786,28.2,1752241231769
0.0,0.0,5.661,28.2,1752241231802
0.0,0.0,5.588,28.2,1752241231886
0.0,0.0,5.557,28.2,1752241231969
0.0,0.0,5.432,28.2,1752241232102
0.0,0.0,5.276,28.2,1752241232172
0.0,0.0,5.078,28.2,1752241232253
0.0,0.0,4.932,28.2,1752241232319
0.0,0.0,4.776,28.2,1752241232403
0.0,0.0,4.693,28.2,1752241232504
0.0,0.0,4.589,28.2,1752241232536
0.0,0.0,4.433,28.2,1752241232819
0.0,0.0,4.475,28.2,1752241232870
0.0,0.0,4.558,28.2,1752241232952
31.709890365600586,-97.1881332397461,4.651,28.2,1752241233000
0.0,0.0,4.651,28.2,1752241233019
0.0,0.0,4.766,28.2,1752241233086
0.0,0.0,4.766,28.2,1752241233172
0.0,0.0,4.86,28.2,1752241233237
0.0,0.0,4.88,28.2,1752241233319
0.0,0.0,4.901,28.2,1752241233422
0.0,0.0,4.912,28.2,1752241233761
0.0,0.0,4.984,28.2,1752241233830
0.0,0.0,5.026,28.2,1752241233872
0.0,0.0,5.047,28.2,1752241233970
31.70989418029785,-97.1881332397461,5.068,28.2,1752241234000
0.0,0.0,5.068,28.2,1752241234013
0.0,0.0,5.057,28.2,1752241234111
0.0,0.0,5.068,28.2,1752241234155
0.0,0.0,5.078,28.2,1752241234266
0.0,0.0,5.078,28.2,1752241234357
0.0,0.0,5.089,28.2,1752241234430
0.0,0.0,5.109,28.2,1752241234489
0.0,0.0,5.12,28.2,1752241234624
0.0,0.0,5.13,28.2,1752241234943
0.0,0.0,5.109,28.4,1752241235054
0.0,0.0,5.089,28.4,1752241235101
0.0,0.0,5.068,28.4,1752241235204
0.0,0.0,5.047,28.4,1752241235271
0.0,0.0,5.047,28.4,1752241235408
0.0,0.0,5.047,28.4,1752241235467
0.0,0.0,5.047,28.4,1752241235599
0.0,0.0,5.047,28.4,1752241235658
0.0,0.0,5.026,28.4,1752241235787
31.70989418029785,-97.1881332397461,5.005,28.4,1752241236000
0.0,0.0,5.005,28.4,1752241236069
0.0,0.0,4.984,28.4,1752241236167
0.0,0.0,4.974,28.4,1752241236222
0.0,0.0,4.974,28.4,1752241236319
0.0,0.0,4.964,28.4,1752241236365
0.0,0.0,4.974,28.4,1752241236462
0.0,0.0,4.964,28.4,1752241236505
0.0,0.0,4.974,28.4,1752241236602
0.0,0.0,4.974,28.4,1752241236645
0.0,0.0,4.974,28.4,1752241236744
0.0,0.0,4.984,28.4,1752241236787
0.0,0.0,4.974,28.4,1752241236884
0.0,0.0,4.984,28.4,1752241236928
31.709897994995117,-97.1881332397461,4.984,28.4,1752241237000
0.0,0.0,4.984,28.4,1752241237026
0.0,0.0,4.995,28.4,1752241237068
0.0,0.0,4.995,28.4,1752241237167
0.0,0.0,4.995,28.4,1752241237220
0.0,0.0,4.995,28.4,1752241237346
0.0,0.0,4.995,28.4,1752241237412
0.0,0.0,4.984,28.4,1752241237550
0.0,0.0,4.974,28.4,1752241237610
0.0,0.0,4.974,28.4,1752241237740
0.0,0.0,4.964,28.4,1752241238029
0.0,0.0,4.964,28.4,1752241238126
0.0,0.0,4.964,28.4,1752241238173
0.0,0.0,4.964,28.4,1752241238296
0.0,0.0,4.964,28.4,1752241238355
0.0,0.0,4.964,28.4,1752241238496
0.0,0.0,4.964,28.4,1752241238554
0.0,0.0,4.953,28.4,1752241238688
0.0,0.0,4.953,28.4,1752241238749
31.709903717041016,-97.1881332397461,4.953,28.4,1752241239000
0.0,0.0,4.953,28.4,1752241239097
0.0,0.0,4.953,28.4,1752241239139
0.0,0.0,4.953,28.4,1752241239252
0.0,0.0,4.953,28.4,1752241239295
0.0,0.0,4.953,28.4,1752241239391
0.0,0.0,4.953,28.4,1752241239436
0.0,0.0,4.953,28.4,1752241239533
0.0,0.0,4.953,28.4,1752241239575
0.0,0.0,4.964,28.4,1752241239674
0.0,0.0,4.964,28.4,1752241239716
0.0,0.0,4.964,28.4,1752241239814
0.0,0.0,4.964,28.4,1752241239856
0.0,0.0,4.964,28.4,1752241239954
0.0,0.0,4.953,28.4,1752241239996
31.70990753173828,-97.1881332397461,4.953,28.4,1752241240000
0.0,0.0,4.943,28.4,1752241240095
0.0,0.0,4.953,28.4,1752241240138
0.0,0.0,4.953,28.4,1752241240254
0.0,0.0,4.953,28.4,1752241240297
0.0,0.0,4.943,28.4,1752241240428
0.0,0.0,4.943,28.4,1752241240487
0.0,0.0,4.922,28.4,1752241240624
0.0,0.0,4.912,28.4,1752241240684
31.70991325378418,-97.1881332397461,4.922,28.6,1752241241000
0.0,0.0,4.922,28.6,1752241241106
0.0,0.0,4.922,28.6,1752241241141
0.0,0.0,4.922,28.6,1752241241252
0.0,0.0,4.912,28.6,1752241241298
0.0,0.0,4.912,28.6,1752241241434
0.0,0.0,4.901,28.6,1752241241495
0.0,0.0,4.891,28.6,1752241241628
0.0,0.0,4.891,28.6,1752241241692
0.0,0.0,4.901,28.6,1752241241819
0.0,0.0,4.901,28.6,1752241242106
0.0,0.0,4.912,28.6,1752241242212
0.0,0.0,4.912,28.6,1752241242261
0.0,0.0,4.912,28.6,1752241242374
0.0,0.0,4.901,28.6,1752241242433
0.0,0.0,4.901,28.6,1752241242564
0.0,0.0,4.901,28.6,1752241242624
0.0,0.0,4.901,28.6,1752241242761
0.0,0.0,4.912,28.6,1752241242815
31.709918975830078,-97.1881332397461,4.901,28.6,1752241243000
0.0,0.0,4.901,28.6,1752241243167
0.0,0.0,4.901,28.6,1752241243222
0.0,0.0,4.901,28.6,1752241243320
0.0,0.0,4.88,28.6,1752241243363
0.0,0.0,4.87,28.6,1752241243464
0.0,0.0,4.87,28.6,1752241243507
0.0,0.0,4.87,28.6,1752241243605
0.0,0.0,4.86,28.6,1752241243648
0.0,0.0,4.849,28.8,1752241243758
0.0,0.0,4.849,28.8,1752241243802
0.0,0.0,4.849,28.8,1752241243900
0.0,0.0,4.849,28.8,1752241243942
31.709922790527344,-97.1881332397461,4.839,28.8,1752241244000
0.0,0.0,4.839,28.8,1752241244041
0.0,0.0,4.839,28.8,1752241244083
0.0,0.0,4.839,28.8,1752241244182
0.0,0.0,4.839,28.8,1752241244233
0.0,0.0,4.849,28.8,1752241244362
0.0,0.0,4.839,28.8,1752241244493
0.0,0.0,4.828,28.8,1752241244589
0.0,0.0,4.828,28.8,1752241244649
0.0,0.0,4.828,28.8,1752241244815
31.709928512573242,-97.1881332397461,4.818,28.8,1752241245000
0.0,0.0,4.818,28.8,1752241245046
0.0,0.0,4.818,28.8,1752241245143
0.0,0.0,4.818,28.8,1752241245198
0.0,0.0,4.808,28.8,1752241245323
0.0,0.0,4.808,28.8,1752241245382
0.0,0.0,4.808,28.8,1752241245520
0.0,0.0,4.797,28.8,1752241245574
0.0,0.0,4.797,28.8,1752241245717
0.0,0.0,4.787,28.8,1752241245771
0.0,0.0,4.787,28.8,1752241246117
0.0,0.0,4.766,28.8,1752241246162
0.0,0.0,4.766,28.8,1752241246270
0.0,0.0,4.756,28.8,1752241246320
0.0,0.0,4.756,28.8,1752241246453
0.0,0.0,4.745,28.8,1752241246513
0.0,0.0,4.745,28.8,1752241246651
0.0,0.0,4.735,28.8,1752241246711
0.0,0.0,4.735,28.8,1752241246841
31.70993423461914,-97.1881332397461,4.735,28.8,1752241247000
0.0,0.0,4.735,28.8,1752241247129
0.0,0.0,4.724,28.8,1752241247238
0.0,0.0,4.714,28.8,1752241247284
0.0,0.0,4.714,28.8,1752241247383
0.0,0.0,4.714,28.8,1752241247425
0.0,0.0,4.714,28.8,1752241247523
0.0,0.0,4.693,28.8,1752241247565
0.0,0.0,4.693,28.8,1752241247663
0.0,0.0,4.683,28.8,1752241247705
0.0,0.0,4.672,28.8,1752241247804
0.0,0.0,4.683,28.8,1752241247899
0.0,0.0,4.672,28.8,1752241247935
31.709938049316406,-97.1881332397461,4.651,28.8,1752241248000
0.0,0.0,4.651,28.8,1752241248034
0.0,0.0,4.651,28.8,1752241248076
0.0,0.0,4.641,28.8,1752241248176
0.0,0.0,4.641,28.8,1752241248229
0.0,0.0,4.62,28.8,1752241248363
0.0,0.0,4.61,28.8,1752241248422
0.0,0.0,4.61,28.8,1752241248561
0.0,0.0,4.589,28.8,1752241248622
0.0,0.0,4.599,28.8,1752241248748
31.709943771362305,-97.1881332397461,4.599,28.8,1752241249000
0.0,0.0,4.599,28.8,1752241249032
0.0,0.0,4.579,28.8,1752241249130
0.0,0.0,4.568,28.8,1752241249181
0.0,0.0,4.579,28.8,1752241249304
0.0,0.0,4.568,28.8,1752241249366
0.0,0.0,4.547,28.8,1752241249503
0.0,0.0,4.547,28.8,1752241249558
0.0,0.0,4.547,28.8,1752241249698
0.0,0.0,4.547,28.8,1752241249755
0.0,0.0,4.547,28.8,1752241250104
0.0,0.0,4.516,28.8,1752241250146
0.0,0.0,4.516,28.8,1752241250258
0.0,0.0,4.495,28.8,1752241250303
0.0,0.0,4.506,28.8,1752241250440
0.0,0.0,4.475,28.8,1752241250498
0.0,0.0,4.475,28.8,1752241250635
0.0,0.0,4.464,28.8,1752241250697
0.0,0.0,4.464,28.8,1752241250823
31.70994758605957,-97.1881332397461,4.422,28.8,1752241251000
0.0,0.0,4.422,28.8,1752241251113
0.0,0.0,4.412,28.8,1752241251221
0.0,0.0,4.381,28.8,1752241251264
0.0,0.0,4.37,28.8,1752241251362
0.0,0.0,4.36,28.8,1752241251406
0.0,0.0,4.36,28.8,1752241251507
0.0,0.0,4.35,28.8,1752241251550
0.0,0.0,4.329,28.8,1752241251648
0.0,0.0,4.35,28.8,1752241251691
0.0,0.0,4.35,28.8,1752241251789
0.0,0.0,4.329,28.8,1752241251832
0.0,0.0,4.318,28.8,1752241251929
0.0,0.0,4.36,28.8,1752241251973
31.70995330810547,-97.18812561035156,4.36,28.8,1752241252000
0.0,0.0,4.35,28.8,1752241252071
0.0,0.0,4.36,28.8,1752241252113
0.0,0.0,4.36,28.8,1752241252223
0.0,0.0,4.391,28.8,1752241252266
0.0,0.0,4.381,28.8,1752241252386
0.0,0.0,4.381,28.8,1752241252445
0.0,0.0,4.381,28.8,1752241252587
0.0,0.0,4.381,28.8,1752241252647
0.0,0.0,4.37,28.8,1752241252777
0.0,0.0,4.381,28.8,1752241253064
0.0,0.0,4.381,28.8,1752241253160
0.0,0.0,4.381,28.8,1752241253218
0.0,0.0,4.36,28.8,1752241253330
0.0,0.0,4.36,28.8,1752241253389
0.0,0.0,4.36,28.8,1752241253522
0.0,0.0,4.329,28.8,1752241253581
0.0,0.0,4.298,28.8,1752241253718
0.0,0.0,4.308,28.8,1752241253773
31.709959030151367,-97.18812561035156,4.277,28.8,1752241254000
0.0,0.0,4.277,28.8,1752241254122
0.0,0.0,4.287,28.8,1752241254168
0.0,0.0,4.287,28.8,1752241254278
0.0,0.0,4.287,28.8,1752241254320
0.0,0.0,4.298,28.8,1752241254417
0.0,0.0,4.277,28.8,1752241254460
0.0,0.0,4.287,28.8,1752241254557
0.0,0.0,4.246,28.8,1752241254602
0.0,0.0,4.183,28.8,1752241254698
0.0,0.0,4.183,28.8,1752241254741
0.0,0.0,4.194,28.8,1752241254838
0.0,0.0,4.131,28.8,1752241254881
0.0,0.0,4.214,28.8,1752241254976
31.709962844848633,-97.18812561035156,4.162,28.8,1752241255000
0.0,0.0,4.162,28.8,1752241255020
0.0,0.0,4.11,28.8,1752241255117
0.0,0.0,4.069,28.8,1752241255165
0.0,0.0,4.027,28.8,1752241255273
0.0,0.0,3.996,28.8,1752241255401
0.0,0.0,3.933,28.8,1752241255489
0.0,0.0,3.933,28.8,1752241255548
0.0,0.0,3.933,28.8,1752241255682
0.0,0.0,3.923,29.0,1752241255797
31.70996856689453,-97.18812561035156,3.85,29.0,1752241256000
0.0,0.0,3.85,29.0,1752241256087
0.0,0.0,3.861,29.0,1752241256131
0.0,0.0,3.746,29.0,1752241256238
0.0,0.0,3.736,29.0,1752241256286
0.0,0.0,3.725,29.0,1752241256419
0.0,0.0,3.694,29.0,1752241256478
0.0,0.0,3.684,29.0,1752241256607
0.0,0.0,3.652,29.0,1752241256672
0.0,0.0,3.663,29.0,1752241256798
0.0,0.0,3.632,29.0,1752241257086
0.0,0.0,3.59,29.0,1752241257178
0.0,0.0,3.517,29.0,1752241257237
0.0,0.0,3.496,29.0,1752241257342
0.0,0.0,3.475,29.0,1752241257403
0.0,0.0,3.475,29.0,1752241257533
0.0,0.0,3.434,29.0,1752241257587
0.0,0.0,3.392,29.0,1752241257722
0.0,0.0,3.371,29.0,1752241257776
31.709972381591797,-97.18812561035156,3.351,29.0,1752241258000
0.0,0.0,3.351,29.0,1752241258125
0.0,0.0,3.319,29.0,1752241258170
0.0,0.0,3.278,29.0,1752241258268
0.0,0.0,3.246,29.0,1752241258313
0.0,0.0,3.184,29.0,1752241258408
0.0,0.0,3.174,29.0,1752241258451
0.0,0.0,3.153,29.0,1752241258542
0.0,0.0,3.059,29.0,1752241258586
0.0,0.0,3.028,29.0,1752241258677
0.0,0.0,2.997,29.0,1752241258721
0.0,0.0,2.955,29.0,1752241258812
0.0,0.0,2.924,29.0,1752241258854
0.0,0.0,2.893,29.0,1752241258946
0.0,0.0,2.861,29.0,1752241258988
31.709976196289062,-97.18811798095703,2.861,29.0,1752241259000
0.0,0.0,2.82,29.0,1752241259078
0.0,0.0,2.789,29.0,1752241259126
0.0,0.0,2.757,29.0,1752241259226
0.0,0.0,2.726,29.0,1752241259277
0.0,0.0,2.674,29.0,1752241259402
0.0,0.0,2.674,29.0,1752241259462
0.0,0.0,2.632,29.0,1752241259588
0.0,0.0,2.601,29.0,1752241259648
0.0,0.0,2.601,29.0,1752241259998
31.70998191833496,-97.18811798095703,2.601,29.0,1752241260000
0.0,0.0,2.57,29.0,1752241260040
0.0,0.0,2.549,29.0,1752241260129
0.0,0.0,2.539,29.0,1752241260185
0.0,0.0,2.528,29.0,1752241260290
0.0,0.0,2.487,29.0,1752241260349
0.0,0.0,2.476,29.0,1752241260468
0.0,0.0,2.466,29.0,1752241260532
0.0,0.0,2.466,29.0,1752241260651
0.0,0.0,2.456,29.0,1752241260711
0.0,0.0,2.456,29.0,1752241261059
0.0,0.0,2.456,29.0,1752241261101
0.0,0.0,2.424,29.0,1752241261193
0.0,0.0,2.435,29.0,1752241261246
0.0,0.0,2.456,29.0,1752241261371
0.0,0.0,2.476,29.0,1752241261430
0.0,0.0,2.487,29.0,1752241261546
0.0,0.0,2.487,29.0,1752241261607
0.0,0.0,2.476,29.0,1752241261724
31.709985733032227,-97.18811798095703,2.487,29.0,1752241262000
0.0,0.0,2.487,29.0,1752241262019
0.0,0.0,2.487,29.0,1752241262106
0.0,0.0,2.497,29.0,1752241262148
0.0,0.0,2.528,29.0,1752241262249
0.0,0.0,2.56,29.0,1752241262292
0.0,0.0,2.57,29.0,1752241262377
0.0,0.0,2.57,29.0,1752241262420
0.0,0.0,2.539,29.0,1752241262506
0.0,0.0,2.539,29.0,1752241262548
0.0,0.0,2.549,29.0,1752241262633
0.0,0.0,2.549,29.0,1752241262675
0.0,0.0,2.57,29.0,1752241262759
0.0,0.0,2.549,29.0,1752241262802
0.0,0.0,2.539,29.0,1752241262887
0.0,0.0,2.56,29.0,1752241262931
31.709991455078125,-97.18811798095703,2.549,29.0,1752241263000
0.0,0.0,2.549,29.0,1752241263027
0.0,0.0,2.528,29.0,1752241263071
0.0,0.0,2.549,29.0,1752241263173
0.0,0.0,2.57,29.0,1752241263228
0.0,0.0,2.591,29.0,1752241263347
0.0,0.0,2.601,29.2,1752241263408
0.0,0.0,2.601,29.2,1752241263561
0.0,0.0,2.612,29.2,1752241263623
0.0,0.0,2.612,29.2,1752241263748
31.70999526977539,-97.18811798095703,2.643,29.2,1752241264000
0.0,0.0,2.643,29.2,1752241264044
0.0,0.0,2.674,29.2,1752241264140
0.0,0.0,2.664,29.2,1752241264194
0.0,0.0,2.653,29.2,1752241264332
0.0,0.0,2.674,29.2,1752241264393
0.0,0.0,2.664,29.2,1752241264532
0.0,0.0,2.664,29.2,1752241264592
0.0,0.0,2.664,29.2,1752241264739
0.0,0.0,2.664,29.2,1752241264797
0.0,0.0,2.664,29.2,1752241265149
0.0,0.0,2.653,29.2,1752241265203
0.0,0.0,2.632,29.2,1752241265315
0.0,0.0,2.591,29.2,1752241265363
0.0,0.0,2.58,29.2,1752241265510
0.0,0.0,2.57,29.2,1752241265573
0.0,0.0,2.56,29.2,1752241265720
0.0,0.0,2.549,29.2,1752241265777
0.0,0.0,2.539,29.2,1752241265949
31.709999084472656,-97.18811798095703,2.539,29.2,1752241266000
0.0,0.0,2.528,29.2,1752241266207
0.0,0.0,2.528,29.2,1752241266311
0.0,0.0,2.518,29.2,1752241266353
0.0,0.0,2.508,29.2,1752241266458
0.0,0.0,2.466,29.2,1752241266506
0.0,0.0,2.456,29.2,1752241266609
0.0,0.0,2.445,29.2,1752241266654
0.0,0.0,2.435,29.2,1752241266757
0.0,0.0,2.414,29.2,1752241266802
0.0,0.0,2.435,29.2,1752241266906
0.0,0.0,2.414,29.2,1752241266948
31.710004806518555,-97.1881103515625,2.414,29.2,1752241267000
0.0,0.0,2.393,29.2,1752241267053
0.0,0.0,2.383,29.2,1752241267096
0.0,0.0,2.362,29.2,1752241267219
0.0,0.0,2.362,29.2,1752241267265
0.0,0.0,2.362,29.2,1752241267389
0.0,0.0,2.362,29.2,1752241267449
0.0,0.0,2.351,29.2,1752241267583
0.0,0.0,2.31,29.2,1752241267648
0.0,0.0,2.31,29.2,1752241267779
0.0,0.0,2.289,29.2,1752241268070
0.0,0.0,2.237,29.2,1752241268163
0.0,0.0,2.206,29.2,1752241268221
0.0,0.0,2.195,29.2,1752241268330
0.0,0.0,2.143,29.2,1752241268392
0.0,0.0,2.112,29.2,1752241268520
0.0,0.0,2.06,29.2,1752241268581
0.0,0.0,2.029,29.2,1752241268713
0.0,0.0,1.998,29.2,1752241268769
31.71000862121582,-97.1881103515625,1.956,29.2,1752241269000
0.0,0.0,1.956,29.2,1752241269117
0.0,0.0,1.956,29.2,1752241269163
0.0,0.0,1.914,29.2,1752241269265
0.0,0.0,1.914,29.2,1752241269311
0.0,0.0,1.914,29.2,1752241269405
0.0,0.0,1.914,29.2,1752241269448
0.0,0.0,1.883,29.2,1752241269542
0.0,0.0,1.894,29.2,1752241269584
0.0,0.0,1.935,29.2,1752241269679
0.0,0.0,1.946,29.2,1752241269722
0.0,0.0,1.956,29.2,1752241269817
0.0,0.0,1.966,29.2,1752241269859
0.0,0.0,1.977,29.2,1752241269951
0.0,0.0,1.956,29.2,1752241269991
31.710012435913086,-97.1881103515625,1.956,29.2,1752241270000
0.0,0.0,1.998,29.2,1752241270081
0.0,0.0,1.977,29.2,1752241270121
0.0,0.0,1.998,29.2,1752241270222
0.0,0.0,1.977,29.2,1752241270266
0.0,0.0,1.998,29.2,1752241270384
0.0,0.0,2.008,29.2,1752241270440
0.0,0.0,1.998,29.2,1752241270570
0.0,0.0,1.987,29.2,1752241270626
0.0,0.0,1.987,29.2,1752241270747
31.710018157958984,-97.1881103515625,1.998,29.2,1752241271000
0.0,0.0,1.998,29.2,1752241271044
0.0,0.0,1.998,29.2,1752241271136
0.0,0.0,2.008,29.2,1752241271185
0.0,0.0,1.977,29.2,1752241271296
0.0,0.0,1.998,29.2,1752241271352
0.0,0.0,1.987,29.2,1752241271473
0.0,0.0,1.998,29.2,1752241271528
0.0,0.0,1.987,29.2,1752241271657
0.0,0.0,1.987,29.2,1752241271707
0.0,0.0,1.977,29.2,1752241272062
0.0,0.0,1.998,29.2,1752241272103
0.0,0.0,1.987,29.2,1752241272199
0.0,0.0,1.987,29.2,1752241272249
0.0,0.0,1.987,29.2,1752241272377
0.0,0.0,2.008,29.2,1752241272434
0.0,0.0,2.039,29.2,1752241272556
0.0,0.0,2.05,29.2,1752241272614
0.0,0.0,2.05,29.2,1752241272736
31.710023880004883,-97.1881103515625,2.06,29.2,1752241273000
0.0,0.0,2.06,29.2,1752241273030
0.0,0.0,2.081,29.2,1752241273122
0.0,0.0,2.102,29.2,1752241273163
0.0,0.0,2.112,29.2,1752241273264
0.0,0.0,2.112,29.2,1752241273303
0.0,0.0,2.123,29.2,1752241273400
0.0,0.0,2.133,29.2,1752241273441
0.0,0.0,2.123,29.2,1752241273532
0.0,0.0,2.123,29.2,1752241273573
0.0,0.0,2.123,29.2,1752241273664
0.0,0.0,2.123,29.2,1752241273706
0.0,0.0,2.133,29.2,1752241273796
0.0,0.0,2.133,29.2,1752241273837
0.0,0.0,2.112,29.2,1752241273930
0.0,0.0,2.102,29.2,1752241273969
31.71002769470215,-97.1881103515625,2.102,29.2,1752241274000
0.0,0.0,2.091,29.2,1752241274062
0.0,0.0,2.112,29.2,1752241274102
0.0,0.0,2.112,29.2,1752241274197
0.0,0.0,2.123,29.2,1752241274244
0.0,0.0,2.123,29.2,1752241274348
0.0,0.0,2.123,29.2,1752241274402
0.0,0.0,2.133,29.2,1752241274529
0.0,0.0,2.112,29.2,1752241274584
0.0,0.0,2.112,29.2,1752241274711
31.710033416748047,-97.1881103515625,2.123,29.2,1752241275000
0.0,0.0,2.123,29.2,1752241275022
0.0,0.0,2.133,29.2,1752241275113
0.0,0.0,2.133,29.2,1752241275157
0.0,0.0,2.123,29.2,1752241275273
0.0,0.0,2.112,29.2,1752241275323
0.0,0.0,2.112,29.2,1752241275450
0.0,0.0,2.112,29.2,1752241275506
0.0,0.0,2.091,29.2,1752241275633
0.0,0.0,2.081,29.2,1752241275690
0.0,0.0,2.06,29.2,1752241276051
0.0,0.0,2.06,29.2,1752241276091
0.0,0.0,2.06,29.2,1752241276186
0.0,0.0,2.05,29.2,1752241276237
0.0,0.0,2.039,29.2,1752241276363
0.0,0.0,2.029,29.2,1752241276418
0.0,0.0,2.018,29.2,1752241276547
0.0,0.0,2.008,29.2,1752241276602
0.0,0.0,2.008,29.2,1752241276729
31.710037231445312,-97.18810272216797,2.008,29.2,1752241277000
0.0,0.0,2.008,29.2,1752241277021
0.0,0.0,1.998,29.2,1752241277114
0.0,0.0,1.987,29.2,1752241277153
0.0,0.0,1.977,29.2,1752241277256
0.0,0.0,1.935,29.2,1752241277297
0.0,0.0,1.914,29.2,1752241277392
0.0,0.0,1.925,29.2,1752241277433
0.0,0.0,1.894,29.2,1752241277522
0.0,0.0,1.883,29.2,1752241277562
0.0,0.0,1.862,29.2,1752241277653
0.0,0.0,1.842,29.2,1752241277693
0.0,0.0,1.8,29.2,1752241277784
0.0,0.0,1.8,29.2,1752241277824
0.0,0.0,1.79,29.2,1752241277913
0.0,0.0,1.758,29.2,1752241277954
31.710039138793945,-97.18810272216797,1.758,29.2,1752241278000
0.0,0.0,1.758,29.2,1752241278044
0.0,0.0,1.779,29.2,1752241278085
0.0,0.0,1.748,29.2,1752241278175
0.0,0.0,1.717,29.2,1752241278226
0.0,0.0,1.685,29.2,1752241278344
0.0,0.0,1.654,29.2,1752241278400
0.0,0.0,1.665,29.2,1752241278525
0.0,0.0,1.623,29.2,1752241278582
0.0,0.0,1.633,29.2,1752241278708
31.710044860839844,-97.18810272216797,1.602,29.2,1752241279000
0.0,0.0,1.602,29.2,1752241279004
0.0,0.0,1.592,29.2,1752241279094
0.0,0.0,1.592,29.2,1752241279138
0.0,0.0,1.55,29.2,1752241279254
0.0,0.0,1.498,29.2,1752241279309
0.0,0.0,1.509,29.2,1752241279430
0.0,0.0,1.477,29.2,1752241279485
0.0,0.0,1.477,29.2,1752241279622
0.0,0.0,1.488,29.2,1752241279680
0.0,0.0,1.488,29.2,1752241280051
0.0,0.0,1.488,29.2,1752241280091
0.0,0.0,1.477,29.2,1752241280200
0.0,0.0,1.488,29.2,1752241280261
0.0,0.0,1.467,29.2,1752241280394
0.0,0.0,1.446,29.2,1752241280449
0.0,0.0,1.456,29.2,1752241280583
0.0,0.0,1.467,29.2,1752241280640
0.0,0.0,1.467,29.2,1752241280773
31.710050582885742,-97.18810272216797,1.477,29.2,1752241281000
0.0,0.0,1.477,29.2,1752241281093
0.0,0.0,1.477,29.2,1752241281193
0.0,0.0,1.456,29.2,1752241281239
0.0,0.0,1.425,29.2,1752241281335
0.0,0.0,1.394,29.2,1752241281374
0.0,0.0,1.363,29.2,1752241281473
0.0,0.0,1.311,29.2,1752241281517
0.0,0.0,1.3,29.2,1752241281613
0.0,0.0,1.3,29.2,1752241281655
0.0,0.0,1.259,29.2,1752241281754
0.0,0.0,1.238,29.2,1752241281793
0.0,0.0,1.207,29.2,1752241281889
0.0,0.0,1.165,29.2,1752241281930
31.710054397583008,-97.18810272216797,1.123,29.2,1752241282000
0.0,0.0,1.123,29.2,1752241282029
0.0,0.0,1.092,29.2,1752241282068
0.0,0.0,1.082,29.2,1752241282188
0.0,0.0,1.071,29.2,1752241282243
0.0,0.0,1.082,29.2,1752241282373
0.0,0.0,1.092,29.2,1752241282428
0.0,0.0,1.082,29.2,1752241282567
0.0,0.0,1.071,29.2,1752241282623
0.0,0.0,1.092,29.2,1752241282741
0.0,0.0,1.092,29.2,1752241283026
0.0,0.0,1.092,29.2,1752241283121
0.0,0.0,1.092,29.2,1752241283188
0.0,0.0,1.092,29.2,1752241283302
0.0,0.0,1.103,29.2,1752241283356
0.0,0.0,1.092,29.2,1752241283490
0.0,0.0,1.082,29.2,1752241283546
0.0,0.0,1.071,29.2,1752241283675
0.0,0.0,1.061,29.2,1752241283730
31.710060119628906,-97.18810272216797,1.051,29.2,1752241284000
0.0,0.0,1.051,29.2,1752241284073
0.0,0.0,1.04,29.2,1752241284167
0.0,0.0,1.019,29.2,1752241284241
0.0,0.0,1.019,29.2,1752241284281
0.0,0.0,0.988,29.2,1752241284377
0.0,0.0,1.009,29.2,1752241284416
0.0,0.0,0.999,29.2,1752241284511
0.0,0.0,0.988,29.2,1752241284551
0.0,0.0,0.978,29.2,1752241284646
0.0,0.0,0.988,29.2,1752241284686
0.0,0.0,0.967,29.2,1752241284781
0.0,0.0,0.967,29.2,1752241284820
0.0,0.0,0.947,29.2,1752241284919
0.0,0.0,0.947,29.2,1752241284958
31.710063934326172,-97.18809509277344,0.947,29.2,1752241285000
0.0,0.0,0.936,29.2,1752241285057
0.0,0.0,0.915,29.2,1752241285096
0.0,0.0,0.905,29.2,1752241285219
0.0,0.0,0.895,29.2,1752241285262
0.0,0.0,0.874,29.2,1752241285369
0.0,0.0,0.853,29.2,1752241285425
0.0,0.0,0.863,29.2,1752241285557
0.0,0.0,0.842,29.2,1752241285612
0.0,0.0,0.832,29.2,1752241285744
31.710067749023438,-97.18809509277344,0.842,29.2,1752241286000
0.0,0.0,0.842,29.2,1752241286035
0.0,0.0,0.832,29.2,1752241286130
0.0,0.0,0.811,29.2,1752241286193
0.0,0.0,0.811,29.2,1752241286309
0.0,0.0,0.801,29.2,1752241286363
0.0,0.0,0.79,29.2,1752241286494
0.0,0.0,0.79,29.2,1752241286551
0.0,0.0,0.78,29.2,1752241286684
0.0,0.0,0.78,29.2,1752241286734
0.0,0.0,0.759,29.2,1752241287082
0.0,0.0,0.759,29.2,1752241287121
0.0,0.0,0.749,29.2,1752241287234
0.0,0.0,0.718,29.2,1752241287274
0.0,0.0,0.718,29.2,1752241287407
0.0,0.0,0.718,29.2,1752241287463
0.0,0.0,0.718,29.2,1752241287594
0.0,0.0,0.707,29.2,1752241287650
0.0,0.0,0.697,29.2,1752241287777
31.710073471069336,-97.18809509277344,0.697,29.2,1752241288000
0.0,0.0,0.697,29.2,1752241288062
0.0,0.0,0.697,29.2,1752241288159
0.0,0.0,0.676,29.2,1752241288212
0.0,0.0,0.676,29.2,1752241288310
0.0,0.0,0.666,29.2,1752241288333
0.0,0.0,0.676,29.2,1752241288400
0.0,0.0,0.676,29.2,1752241288495
0.0,0.0,0.655,29.2,1752241288517
0.0,0.0,0.645,29.2,1752241288534
0.0,0.0,0.645,29.2,1752241288584
0.0,0.0,0.645,29.2,1752241288714
0.0,0.0,0.645,29.2,1752241288738
0.0,0.0,0.614,29.2,1752241288755
0.0,0.0,0.614,29.4,1752241288804
0.0,0.0,0.624,29.4,1752241288894
0.0,0.0,0.603,29.4,1752241288948
0.0,0.0,0.624,29.4,1752241288972
31.710079193115234,-97.18809509277344,0.614,29.4,1752241289000
0.0,0.0,0.614,29.4,1752241289023
0.0,0.0,0.614,29.4,1752241289111
0.0,0.0,0.634,29.4,1752241289163
0.0,0.0,0.624,29.4,1752241289193
0.0,0.0,0.634,29.4,1752241289248
0.0,0.0,0.614,29.4,1752241289355
0.0,0.0,0.614,29.4,1752241289429
0.0,0.0,0.634,29.4,1752241289502
0.0,0.0,0.624,29.4,1752241289534
0.0,0.0,0.624,29.4,1752241289601
0.0,0.0,0.614,29.4,1752241289686
0.0,0.0,0.603,29.4,1752241289986
31.7100830078125,-97.18809509277344,0.603,29.4,1752241290000
0.0,0.0,0.593,29.4,1752241290038
0.0,0.0,0.603,29.4,1752241290061
0.0,0.0,0.582,29.4,1752241290113
0.0,0.0,0.582,29.4,1752241290221
0.0,0.0,0.582,29.4,1752241290281
0.0,0.0,0.582,29.4,1752241290317
0.0,0.0,0.582,29.4,1752241290383
0.0,0.0,0.582,29.4,1752241290487
0.0,0.0,0.593,29.4,1752241290562
