0.0,0.0,0.093,34.2,1752272989899
0.0,0.0,0.104,34.2,1752272990187
0.0,0.0,0.114,34.2,1752272990494
0.0,0.0,0.114,34.2,1752272990697
0.0,0.0,0.124,34.2,1752272991011
0.0,0.0,0.124,34.2,1752272991345
0.0,0.0,0.135,34.2,1752272991520
0.0,0.0,0.135,34.2,1752272991824
0.0,0.0,0.145,34.2,1752272992131
0.0,0.0,0.145,34.2,1752272992340
0.0,0.0,0.166,34.2,1752272992641
0.0,0.0,0.166,34.2,1752272993258
0.0,0.0,0.166,34.2,1752272993463
0.0,0.0,0.145,34.2,1752272993767
0.0,0.0,0.135,34.2,1752272993975
0.0,0.0,0.156,34.2,1752272994286
0.0,0.0,0.145,34.2,1752272994586
0.0,0.0,0.145,34.2,1752272995102
0.0,0.0,0.156,34.2,1752272995421
0.0,0.0,0.156,34.2,1752272995611
0.0,0.0,0.156,34.2,1752272995918
0.0,0.0,0.156,34.2,1752272996226
0.0,0.0,0.156,34.2,1752272996442
0.0,0.0,0.156,34.2,1752272996737
0.0,0.0,0.166,34.2,1752272996969
0.0,0.0,0.176,34.2,1752272997237
31.70785903930664,-97.18909454345703,0.176,34.2,1752272997237
0.0,0.0,0.176,34.2,1752272997513
0.0,0.0,0.166,34.2,1752272997785
0.0,0.0,0.166,34.2,1752272998056
0.0,0.0,0.176,34.2,1752272998333
31.70786476135254,-97.18909454345703,0.176,34.2,1752272998333
0.0,0.0,0.176,34.2,1752272998600
0.0,0.0,0.176,34.2,1752272998873
0.0,0.0,0.166,34.2,1752272999426
31.707883834838867,-97.1890869140625,0.166,34.2,1752272999426
0.0,0.0,0.166,34.2,1752272999693
0.0,0.0,0.166,34.2,1752272999971
0.0,0.0,0.166,34.2,1752273000241
0.0,0.0,0.156,34.2,1752273000515
0.0,0.0,0.156,34.2,1752273000806
0.0,0.0,0.145,34.2,1752273001060
0.0,0.0,0.156,34.2,1752273001332
31.707895278930664,-97.1890869140625,0.156,34.2,1752273001332
0.0,0.0,0.156,34.2,1752273001618
0.0,0.0,0.145,34.2,1752273001886
0.0,0.0,0.145,34.2,1752273002146
0.0,0.0,0.145,34.2,1752273002426
31.707902908325195,-97.1890869140625,0.145,34.2,1752273002426
0.0,0.0,0.145,34.2,1752273002697
0.0,0.0,0.145,34.2,1752273002977
0.0,0.0,0.145,34.2,1752273003292
0.0,0.0,0.156,34.2,1752273003522
0.0,0.0,0.156,34.2,1752273003789
0.0,0.0,0.156,34.2,1752273004064
31.707902908325195,-97.1890869140625,0.156,34.2,1752273004064
0.0,0.0,0.166,34.2,1752273004414
0.0,0.0,0.156,34.2,1752273004608
0.0,0.0,0.145,34.2,1752273004928
0.0,0.0,0.145,34.2,1752273005160
31.707901000976562,-97.1890869140625,0.145,34.2,1752273005160
0.0,0.0,0.145,34.2,1752273005427
0.0,0.0,0.145,34.2,1752273005758
0.0,0.0,0.156,34.2,1752273005976
0.0,0.0,0.156,34.2,1752273006258
31.70789909362793,-97.1890869140625,0.156,34.2,1752273006258
0.0,0.0,0.156,34.2,1752273006673
0.0,0.0,0.156,34.2,1752273006824
0.0,0.0,0.156,34.2,1752273007080
31.70789909362793,-97.1890869140625,0.156,34.2,1752273007080
0.0,0.0,0.156,34.2,1752273007364
0.0,0.0,0.156,34.2,1752273007691
0.0,0.0,0.166,34.2,1752273007971
0.0,0.0,0.166,34.2,1752273008407
0.0,0.0,0.166,34.2,1752273008589
0.0,0.0,0.166,34.2,1752273008913
0.0,0.0,0.176,34.2,1752273009236
31.70789909362793,-97.1890869140625,0.176,34.2,1752273009236
0.0,0.0,0.176,34.2,1752273009477
0.0,0.0,0.176,34.2,1752273009851
0.0,0.0,0.176,34.2,1752273010386
31.707897186279297,-97.18907928466797,0.176,34.2,1752273010386
0.0,0.0,0.176,34.2,1752273010675
0.0,0.0,0.176,34.2,1752273010978
0.0,0.0,0.166,34.2,1752273011386
0.0,0.0,0.156,34.2,1752273011576
0.0,0.0,0.145,34.2,1752273012182
31.707897186279297,-97.18907928466797,0.145,34.2,1752273012182
0.0,0.0,0.156,34.2,1752273012481
0.0,0.0,0.156,34.2,1752273012780
0.0,0.0,0.156,34.2,1752273013122
31.707897186279297,-97.18907928466797,0.156,34.2,1752273013122
0.0,0.0,0.156,34.2,1752273013426
0.0,0.0,0.145,34.2,1752273013685
0.0,0.0,0.145,34.2,1752273013987
0.0,0.0,0.135,34.2,1752273014297
31.707897186279297,-97.18907928466797,0.135,34.2,1752273014297
0.0,0.0,0.135,34.2,1752273014591
0.0,0.0,0.145,34.2,1752273015275
0.0,0.0,0.156,34.2,1752273015509
0.0,0.0,0.166,34.2,1752273015887
0.0,0.0,0.166,34.2,1752273016095
31.707895278930664,-97.18907928466797,0.166,34.2,1752273016095
0.0,0.0,0.166,34.2,1752273016699
0.0,0.0,0.156,34.2,1752273016999
0.0,0.0,0.156,34.2,1752273017300
0.0,0.0,0.156,34.2,1752273017947
0.0,0.0,0.166,34.2,1752273018327
0.0,0.0,0.166,34.2,1752273018538
0.0,0.0,0.176,34.2,1752273018817
0.0,0.0,0.176,34.2,1752273019165
31.707895278930664,-97.18907928466797,0.176,34.2,1752273019165
0.0,0.0,0.166,34.2,1752273019412
0.0,0.0,0.166,34.2,1752273019703
0.0,0.0,0.156,34.2,1752273020017
0.0,0.0,0.166,34.2,1752273020316
31.707895278930664,-97.18907928466797,0.166,34.2,1752273020316
0.0,0.0,0.166,34.2,1752273020610
0.0,0.0,0.166,34.2,1752273020909
0.0,0.0,0.166,34.2,1752273021217
31.707897186279297,-97.18907928466797,0.166,34.2,1752273021217
0.0,0.0,0.156,34.2,1752273021511
0.0,0.0,0.176,34.2,1752273021829
0.0,0.0,0.166,34.2,1752273022144
31.707897186279297,-97.18907928466797,0.166,34.2,1752273022144
0.0,0.0,0.166,34.2,1752273022443
0.0,0.0,0.166,34.2,1752273022747
0.0,0.0,0.166,34.2,1752273023052
0.0,0.0,0.166,34.2,1752273023316
31.707897186279297,-97.18907928466797,0.166,34.2,1752273023316
0.0,0.0,0.166,34.2,1752273023619
0.0,0.0,0.156,34.2,1752273024222
0.0,0.0,0.156,34.2,1752273024522
0.0,0.0,0.156,34.2,1752273025509
0.0,0.0,0.156,34.2,1752273025820
0.0,0.0,0.166,34.2,1752273026028
31.707897186279297,-97.18907928466797,0.166,34.2,1752273026028
0.0,0.0,0.156,34.2,1752273026438
0.0,0.0,0.145,34.2,1752273026631
0.0,0.0,0.145,34.2,1752273027533
31.707897186279297,-97.18907928466797,0.145,34.2,1752273027533
0.0,0.0,0.145,34.2,1752273027839
0.0,0.0,0.135,34.2,1752273028185
31.707895278930664,-97.18907928466797,0.135,34.2,1752273028185
0.0,0.0,0.135,34.2,1752273028503
0.0,0.0,0.124,34.2,1752273028783
0.0,0.0,0.135,34.2,1752273029097
31.707895278930664,-97.18907928466797,0.135,34.2,1752273029097
0.0,0.0,0.135,34.2,1752273029336
0.0,0.0,0.124,34.2,1752273029707
0.0,0.0,0.124,34.2,1752273029940
31.70789337158203,-97.18907928466797,0.124,34.2,1752273029940
0.0,0.0,0.124,34.2,1752273030542
0.0,0.0,0.114,34.2,1752273030841
0.0,0.0,0.124,34.2,1752273031137
31.70789337158203,-97.18907928466797,0.124,34.2,1752273031137
0.0,0.0,0.124,34.2,1752273031445
0.0,0.0,0.135,34.2,1752273031857
0.0,0.0,0.145,34.2,1752273032071
31.7078914642334,-97.18907928466797,0.145,34.2,1752273032071
0.0,0.0,0.145,34.2,1752273032483
0.0,0.0,0.156,34.2,1752273032647
0.0,0.0,0.145,34.2,1752273032983
0.0,0.0,0.145,34.2,1752273033253
31.7078914642334,-97.18907928466797,0.145,34.2,1752273033253
0.0,0.0,0.156,34.2,1752273033553
0.0,0.0,0.156,34.2,1752273033850
0.0,0.0,0.166,34.2,1752273034152
31.7078914642334,-97.18907928466797,0.166,34.2,1752273034152
0.0,0.0,0.166,34.2,1752273034760
0.0,0.0,0.176,34.2,1752273035135
0.0,0.0,0.166,34.2,1752273035369
0.0,0.0,0.166,34.2,1752273035758
0.0,0.0,0.156,34.2,1752273036329
0.0,0.0,0.166,34.4,1752273036673
0.0,0.0,0.166,34.4,1752273037172
0.0,0.0,0.156,34.4,1752273037462
0.0,0.0,0.156,34.4,1752273038208
0.0,0.0,0.166,34.4,1752273038369
0.0,0.0,0.166,34.4,1752273038719
0.0,0.0,0.156,34.2,1752273039573
31.707889556884766,-97.18907928466797,0.156,34.2,1752273039573
0.0,0.0,0.166,34.2,1752273039950
0.0,0.0,0.156,34.2,1752273040180
31.707889556884766,-97.18907928466797,0.156,34.2,1752273040180
0.0,0.0,0.166,34.2,1752273040482
0.0,0.0,0.166,34.2,1752273040775
0.0,0.0,0.166,34.2,1752273041080
31.707889556884766,-97.18907928466797,0.166,34.2,1752273041080
0.0,0.0,0.176,34.2,1752273041378
0.0,0.0,0.156,34.2,1752273041973
0.0,0.0,0.176,34.2,1752273042341
0.0,0.0,0.166,34.2,1752273042620
0.0,0.0,0.166,34.2,1752273042896
0.0,0.0,0.166,34.2,1752273043494
31.707889556884766,-97.1890869140625,0.166,34.2,1752273043494
0.0,0.0,0.166,34.2,1752273043788
0.0,0.0,0.166,34.2,1752273044084
31.707887649536133,-97.1890869140625,0.166,34.2,1752273044084
0.0,0.0,0.166,34.2,1752273044397
0.0,0.0,0.156,34.2,1752273044690
0.0,0.0,0.166,34.2,1752273045002
31.707887649536133,-97.1890869140625,0.166,34.2,1752273045002
0.0,0.0,0.166,34.2,1752273045791
0.0,0.0,0.166,34.2,1752273045908
0.0,0.0,0.166,34.2,1752273046312
0.0,0.0,0.166,34.2,1752273046516
0.0,0.0,0.176,34.2,1752273046931
0.0,0.0,0.176,34.2,1752273047123
31.707887649536133,-97.1890869140625,0.176,34.2,1752273047123
0.0,0.0,0.176,34.2,1752273047421
0.0,0.0,0.176,34.2,1752273047738
0.0,0.0,0.166,34.2,1752273047999
0.0,0.0,0.166,34.2,1752273048327
31.707887649536133,-97.1890869140625,0.166,34.2,1752273048327
0.0,0.0,0.166,34.2,1752273048603
0.0,0.0,0.176,34.2,1752273048950
0.0,0.0,0.156,34.2,1752273049201
31.707887649536133,-97.1890869140625,0.156,34.2,1752273049201
0.0,0.0,0.156,34.2,1752273049505
0.0,0.0,0.156,34.2,1752273049981
0.0,0.0,0.156,34.2,1752273050106
31.707887649536133,-97.1890869140625,0.156,34.2,1752273050106
0.0,0.0,0.156,34.2,1752273050495
0.0,0.0,0.156,34.2,1752273050711
0.0,0.0,0.156,34.2,1752273051116
0.0,0.0,0.156,34.2,1752273051308
31.707887649536133,-97.1890869140625,0.156,34.2,1752273051308
0.0,0.0,0.156,34.2,1752273051616
0.0,0.0,0.156,34.2,1752273051910
0.0,0.0,0.156,34.2,1752273052214
31.7078857421875,-97.1890869140625,0.156,34.2,1752273052214
0.0,0.0,0.156,34.2,1752273052514
0.0,0.0,0.166,34.2,1752273052848
0.0,0.0,0.166,34.2,1752273053259
0.0,0.0,0.156,34.2,1752273053436
0.0,0.0,0.156,34.2,1752273054088
0.0,0.0,0.156,34.2,1752273054341
31.7078857421875,-97.1890869140625,0.156,34.2,1752273054341
0.0,0.0,0.156,34.2,1752273054693
0.0,0.0,0.156,34.2,1752273054935
0.0,0.0,0.156,34.2,1752273055827
0.0,0.0,0.156,34.2,1752273056541
0.0,0.0,0.145,34.2,1752273056746
0.0,0.0,0.166,34.2,1752273057072
0.0,0.0,0.145,34.2,1752273057336
31.7078857421875,-97.1890869140625,0.145,34.2,1752273057336
0.0,0.0,0.156,34.2,1752273057668
0.0,0.0,0.156,34.2,1752273057929
0.0,0.0,0.166,34.2,1752273058277
31.7078857421875,-97.1890869140625,0.166,34.2,1752273058277
0.0,0.0,0.166,34.2,1752273058534
0.0,0.0,0.166,34.2,1752273058834
0.0,0.0,0.176,34.2,1752273059143
31.7078857421875,-97.1890869140625,0.176,34.2,1752273059143
0.0,0.0,0.176,34.2,1752273059436
0.0,0.0,0.197,34.2,1752273059735
0.0,0.0,0.187,34.2,1752273060120
0.0,0.0,0.176,34.2,1752273060344
31.7078857421875,-97.1890869140625,0.176,34.2,1752273060344
0.0,0.0,0.166,34.2,1752273060744
0.0,0.0,0.166,34.2,1752273060942
0.0,0.0,0.166,34.2,1752273061246
31.7078857421875,-97.1890869140625,0.166,34.2,1752273061246
0.0,0.0,0.166,34.2,1752273061656
0.0,0.0,0.166,34.2,1752273061847
0.0,0.0,0.166,34.2,1752273062149
31.7078857421875,-97.1890869140625,0.166,34.2,1752273062149
0.0,0.0,0.166,34.2,1752273062747
0.0,0.0,0.156,34.2,1752273063048
0.0,0.0,0.145,34.2,1752273063343
31.7078857421875,-97.1890869140625,0.145,34.2,1752273063343
0.0,0.0,0.124,34.2,1752273064010
0.0,0.0,0.124,34.2,1752273064251
31.7078857421875,-97.1890869140625,0.124,34.2,1752273064251
0.0,0.0,0.124,34.2,1752273064633
0.0,0.0,0.135,34.2,1752273065157
0.0,0.0,0.135,34.2,1752273065457
0.0,0.0,0.135,34.2,1752273066690
0.0,0.0,0.135,34.2,1752273067292
31.707887649536133,-97.1890869140625,0.135,34.2,1752273067292
0.0,0.0,0.124,34.2,1752273067595
0.0,0.0,0.114,34.2,1752273067906
0.0,0.0,0.124,34.2,1752273068169
31.707887649536133,-97.1890869140625,0.124,34.2,1752273068169
0.0,0.0,0.156,34.2,1752273068764
0.0,0.0,0.156,34.2,1752273069128
0.0,0.0,0.176,34.2,1752273069408
0.0,0.0,0.187,34.2,1752273070063
0.0,0.0,0.176,34.2,1752273070384
31.707887649536133,-97.1890869140625,0.176,34.2,1752273070384
0.0,0.0,0.176,34.2,1752273070681
0.0,0.0,0.166,34.2,1752273070874
0.0,0.0,0.166,34.2,1752273071284
0.0,0.0,0.176,34.2,1752273071477
0.0,0.0,0.166,34.2,1752273071893
0.0,0.0,0.166,34.2,1752273072077
0.0,0.0,0.156,34.2,1752273072396
31.707887649536133,-97.1890869140625,0.156,34.2,1752273072396
0.0,0.0,0.135,34.2,1752273072696
0.0,0.0,0.135,34.2,1752273073282
0.0,0.0,0.124,34.2,1752273073742
0.0,0.0,0.114,34.2,1752273073903
0.0,0.0,0.114,34.2,1752273074253
0.0,0.0,0.104,34.2,1752273074483
0.0,0.0,0.104,34.2,1752273074867
0.0,0.0,0.093,34.2,1752273075094
0.0,0.0,0.093,34.2,1752273075393
31.7078857421875,-97.1890869140625,0.093,34.2,1752273075393
0.0,0.0,0.093,34.2,1752273075695
0.0,0.0,0.104,34.2,1752273075990
0.0,0.0,0.104,34.2,1752273076294
31.7078857421875,-97.1890869140625,0.104,34.2,1752273076294
0.0,0.0,0.114,34.2,1752273076591
0.0,0.0,0.124,34.2,1752273077016
0.0,0.0,0.124,34.2,1752273077209
31.7078857421875,-97.1890869140625,0.124,34.2,1752273077209
0.0,0.0,0.145,34.2,1752273077504
0.0,0.0,0.145,34.2,1752273078142
0.0,0.0,0.145,34.2,1752273078404
31.7078857421875,-97.18909454345703,0.145,34.2,1752273078404
0.0,0.0,0.135,34.2,1752273078756
0.0,0.0,0.145,34.2,1752273078999
0.0,0.0,0.135,34.2,1752273079301
31.7078857421875,-97.1890869140625,0.135,34.2,1752273079301
0.0,0.0,0.145,34.2,1752273079600
0.0,0.0,0.135,34.2,1752273080095
0.0,0.0,0.135,34.2,1752273080206
31.7078857421875,-97.1890869140625,0.135,34.2,1752273080206
0.0,0.0,0.135,34.2,1752273080603
0.0,0.0,0.124,34.2,1752273080815
0.0,0.0,0.124,34.2,1752273081218
0.0,0.0,0.114,34.2,1752273081408
31.7078857421875,-97.1890869140625,0.114,34.2,1752273081408
0.0,0.0,0.114,34.2,1752273081729
0.0,0.0,0.124,34.2,1752273082013
0.0,0.0,0.135,34.2,1752273082313
31.7078857421875,-97.1890869140625,0.135,34.2,1752273082313
0.0,0.0,0.135,34.2,1752273082611
0.0,0.0,0.135,34.2,1752273082913
0.0,0.0,0.124,34.2,1752273083262
31.7078857421875,-97.1890869140625,0.124,34.2,1752273083262
0.0,0.0,0.124,34.2,1752273083567
0.0,0.0,0.124,34.2,1752273083875
0.0,0.0,0.124,34.2,1752273084185
31.7078857421875,-97.1890869140625,0.124,34.2,1752273084185
0.0,0.0,0.135,34.2,1752273084421
0.0,0.0,0.156,34.2,1752273084804
0.0,0.0,0.156,34.2,1752273085021
0.0,0.0,0.156,34.2,1752273085328
31.7078857421875,-97.1890869140625,0.156,34.2,1752273085328
0.0,0.0,0.156,34.2,1752273085622
0.0,0.0,0.135,34.2,1752273085924
0.0,0.0,0.135,34.2,1752273086225
31.7078857421875,-97.1890869140625,0.135,34.2,1752273086225
0.0,0.0,0.135,34.2,1752273086523
0.0,0.0,0.135,34.2,1752273086949
0.0,0.0,0.145,34.2,1752273087137
31.707887649536133,-97.1890869140625,0.145,34.2,1752273087137
0.0,0.0,0.135,34.2,1752273087450
0.0,0.0,0.135,34.2,1752273087767
0.0,0.0,0.135,34.2,1752273088070
0.0,0.0,0.124,34.2,1752273088384
31.707889556884766,-97.1890869140625,0.124,34.2,1752273088384
0.0,0.0,0.135,34.2,1752273088686
0.0,0.0,0.135,34.2,1752273088934
0.0,0.0,0.145,34.2,1752273089319
0.0,0.0,0.156,34.2,1752273089538
0.0,0.0,0.166,34.2,1752273089837
0.0,0.0,0.176,34.2,1752273090336
0.0,0.0,0.187,34.2,1752273090435
0.0,0.0,0.187,34.2,1752273090842
0.0,0.0,0.208,34.2,1752273091050
0.0,0.0,0.218,34.2,1752273091177
0.0,0.0,0.239,34.2,1752273091272
0.0,0.0,0.249,34.2,1752273091317
0.0,0.0,0.249,34.2,1752273091386
0.0,0.0,0.26,34.2,1752273091457
0.0,0.0,0.27,34.2,1752273091530
0.0,0.0,0.28,34.2,1752273091597
0.0,0.0,0.28,34.2,1752273091667
0.0,0.0,0.291,34.2,1752273091740
0.0,0.0,0.291,34.2,1752273091807
0.0,0.0,0.28,34.2,1752273091877
0.0,0.0,0.291,34.2,1752273091949
0.0,0.0,0.291,34.2,1752273092017
0.0,0.0,0.291,34.2,1752273092123
31.707901000976562,-97.1890869140625,0.291,34.2,1752273092123
0.0,0.0,0.301,34.2,1752273092157
0.0,0.0,0.301,34.2,1752273092227
0.0,0.0,0.291,34.2,1752273092301
0.0,0.0,0.291,34.2,1752273092379
0.0,0.0,0.291,34.2,1752273092437
0.0,0.0,0.291,34.2,1752273092510
0.0,0.0,0.301,34.2,1752273092578
0.0,0.0,0.301,34.2,1752273092660
0.0,0.0,0.312,34.2,1752273092717
0.0,0.0,0.312,34.2,1752273092787
0.0,0.0,0.322,34.2,1752273092862
0.0,0.0,0.322,34.2,1752273092927
0.0,0.0,0.322,34.2,1752273092998
0.0,0.0,0.333,34.2,1752273093068
31.707902908325195,-97.1890869140625,0.333,34.2,1752273093068
0.0,0.0,0.333,34.2,1752273093143
0.0,0.0,0.333,34.2,1752273093251
0.0,0.0,0.333,34.2,1752273093278
0.0,0.0,0.333,34.2,1752273093347
0.0,0.0,0.322,34.2,1752273093419
0.0,0.0,0.322,34.2,1752273093495
0.0,0.0,0.312,34.2,1752273093557
0.0,0.0,0.312,34.2,1752273093628
0.0,0.0,0.291,34.2,1752273093697
0.0,0.0,0.291,34.2,1752273093773
0.0,0.0,0.28,34.2,1752273093837
0.0,0.0,0.27,34.2,1752273093906
0.0,0.0,0.27,34.2,1752273093977
0.0,0.0,0.27,34.2,1752273094051
31.707902908325195,-97.1890869140625,0.27,34.2,1752273094051
0.0,0.0,0.27,34.2,1752273094118
0.0,0.0,0.26,34.2,1752273094187
0.0,0.0,0.26,34.2,1752273094262
0.0,0.0,0.26,34.2,1752273094333
0.0,0.0,0.27,34.2,1752273094397
0.0,0.0,0.27,34.2,1752273094466
0.0,0.0,0.26,34.2,1752273094537
0.0,0.0,0.27,34.2,1752273094608
0.0,0.0,0.27,34.2,1752273094677
0.0,0.0,0.26,34.2,1752273094748
0.0,0.0,0.26,34.2,1752273094816
0.0,0.0,0.26,34.2,1752273094887
0.0,0.0,0.249,34.2,1752273094957
0.0,0.0,0.249,34.2,1752273095027
0.0,0.0,0.239,34.2,1752273095120
31.707904815673828,-97.1890869140625,0.239,34.2,1752273095120
0.0,0.0,0.239,34.2,1752273095167
0.0,0.0,0.239,34.2,1752273095237
0.0,0.0,0.228,34.2,1752273095307
0.0,0.0,0.228,34.2,1752273095378
0.0,0.0,0.228,34.2,1752273095449
0.0,0.0,0.228,34.2,1752273095516
0.0,0.0,0.228,34.2,1752273095587
0.0,0.0,0.228,34.2,1752273095659
0.0,0.0,0.239,34.2,1752273095727
0.0,0.0,0.239,34.2,1752273095796
0.0,0.0,0.249,34.2,1752273095869
0.0,0.0,0.249,34.2,1752273095937
0.0,0.0,0.26,34.2,1752273096007
0.0,0.0,0.26,34.2,1752273096077
31.707902908325195,-97.1890869140625,0.26,34.2,1752273096077
0.0,0.0,0.26,34.2,1752273096147
0.0,0.0,0.249,34.2,1752273096228
0.0,0.0,0.249,34.2,1752273096288
0.0,0.0,0.249,34.2,1752273096357
0.0,0.0,0.249,34.2,1752273096429
0.0,0.0,0.26,34.2,1752273096519
0.0,0.0,0.26,34.2,1752273096569
0.0,0.0,0.249,34.2,1752273096639
0.0,0.0,0.239,34.2,1752273096707
0.0,0.0,0.249,34.2,1752273096778
0.0,0.0,0.249,34.2,1752273096959
0.0,0.0,0.249,34.2,1752273096961
0.0,0.0,0.249,34.2,1752273096986
0.0,0.0,0.249,34.2,1752273097164
0.0,0.0,0.26,34.2,1752273097174
31.707904815673828,-97.18909454345703,0.26,34.2,1752273097174
0.0,0.0,0.27,34.2,1752273097196
0.0,0.0,0.27,34.2,1752273097367
0.0,0.0,0.27,34.2,1752273097372
0.0,0.0,0.27,34.2,1752273097407
0.0,0.0,0.28,34.2,1752273097515
0.0,0.0,0.28,34.2,1752273097547
0.0,0.0,0.28,34.2,1752273097652
0.0,0.0,0.28,34.2,1752273097776
0.0,0.0,0.28,34.2,1752273097779
0.0,0.0,0.27,34.2,1752273097895
0.0,0.0,0.27,34.2,1752273097898
0.0,0.0,0.27,34.2,1752273097983
0.0,0.0,0.28,34.2,1752273098079
0.0,0.0,0.28,34.2,1752273098106
31.707904815673828,-97.18909454345703,0.28,34.2,1752273098106
0.0,0.0,0.28,34.2,1752273098177
0.0,0.0,0.291,34.2,1752273098251
0.0,0.0,0.291,34.2,1752273098338
0.0,0.0,0.301,34.2,1752273098387
0.0,0.0,0.301,34.2,1752273098457
0.0,0.0,0.301,34.2,1752273098527
0.0,0.0,0.301,34.2,1752273098609
0.0,0.0,0.312,34.2,1752273098696
0.0,0.0,0.312,34.2,1752273098737
0.0,0.0,0.312,34.2,1752273098841
0.0,0.0,0.312,34.2,1752273098878
0.0,0.0,0.312,34.2,1752273098981
0.0,0.0,0.301,34.2,1752273099017
0.0,0.0,0.301,34.2,1752273099096
31.707904815673828,-97.18910217285156,0.301,34.2,1752273099096
0.0,0.0,0.301,34.2,1752273099191
0.0,0.0,0.291,34.2,1752273099227
0.0,0.0,0.291,34.2,1752273099301
0.0,0.0,0.291,34.0,1752273099367
0.0,0.0,0.301,34.0,1752273099453
0.0,0.0,0.301,34.0,1752273099541
0.0,0.0,0.312,34.0,1752273099578
0.0,0.0,0.312,34.0,1752273099647
0.0,0.0,0.312,34.0,1752273099813
0.0,0.0,0.322,34.0,1752273099857
0.0,0.0,0.322,34.0,1752273099928
0.0,0.0,0.333,34.0,1752273100036
0.0,0.0,0.333,34.0,1752273100068
0.0,0.0,0.333,34.0,1752273100175
31.707908630371094,-97.18910217285156,0.333,34.0,1752273100175
0.0,0.0,0.333,34.0,1752273100208
0.0,0.0,0.333,34.0,1752273100320
0.0,0.0,0.343,34.0,1752273100347
0.0,0.0,0.343,34.0,1752273100439
0.0,0.0,0.343,34.0,1752273100488
0.0,0.0,0.343,34.0,1752273100592
0.0,0.0,0.364,34.0,1752273100628
0.0,0.0,0.364,34.0,1752273100730
0.0,0.0,0.364,34.0,1752273100768
0.0,0.0,0.353,34.0,1752273100870
0.0,0.0,0.353,34.0,1752273100911
0.0,0.0,0.353,34.0,1752273101010
0.0,0.0,0.353,34.0,1752273101048
0.0,0.0,0.364,34.0,1752273101157
31.70790672302246,-97.1891098022461,0.364,34.0,1752273101157
0.0,0.0,0.364,34.0,1752273101246
0.0,0.0,0.364,34.0,1752273101260
0.0,0.0,0.353,34.0,1752273101370
0.0,0.0,0.364,34.0,1752273101399
0.0,0.0,0.364,34.0,1752273101502
0.0,0.0,0.364,34.0,1752273101538
0.0,0.0,0.364,34.0,1752273101647
0.0,0.0,0.364,34.0,1752273101679
0.0,0.0,0.364,34.0,1752273101771
0.0,0.0,0.364,34.0,1752273101822
0.0,0.0,0.374,34.0,1752273101923
0.0,0.0,0.374,34.0,1752273101958
0.0,0.0,0.385,34.0,1752273102069
0.0,0.0,0.395,34.0,1752273102098
31.707910537719727,-97.1891098022461,0.395,34.0,1752273102098
0.0,0.0,0.395,34.0,1752273102206
0.0,0.0,0.395,34.0,1752273102242
0.0,0.0,0.395,34.0,1752273102312
0.0,0.0,0.405,34.0,1752273102493
0.0,0.0,0.405,34.0,1752273102495
0.0,0.0,0.405,34.0,1752273102520
0.0,0.0,0.405,34.0,1752273102624
0.0,0.0,0.405,34.0,1752273102659
0.0,0.0,0.405,34.0,1752273102761
0.0,0.0,0.416,34.0,1752273102799
0.0,0.0,0.416,34.0,1752273102892
0.0,0.0,0.416,34.0,1752273102998
0.0,0.0,0.416,34.0,1752273103010
0.0,0.0,0.426,34.0,1752273103207
0.0,0.0,0.426,34.0,1752273103212
31.707914352416992,-97.18911743164062,0.426,34.0,1752273103212
0.0,0.0,0.426,34.0,1752273103220
0.0,0.0,0.447,34.0,1752273103288
0.0,0.0,0.447,34.0,1752273103358
0.0,0.0,0.437,34.0,1752273103466
0.0,0.0,0.437,34.0,1752273103498
0.0,0.0,0.437,34.0,1752273103611
0.0,0.0,0.447,34.0,1752273103638
0.0,0.0,0.447,34.0,1752273103744
0.0,0.0,0.437,34.0,1752273103781
0.0,0.0,0.437,34.0,1752273103882
0.0,0.0,0.437,34.0,1752273103918
0.0,0.0,0.437,34.0,1752273104023
0.0,0.0,0.437,34.0,1752273104057
0.0,0.0,0.437,34.0,1752273104161
31.707921981811523,-97.18911743164062,0.437,34.0,1752273104161
0.0,0.0,0.437,34.0,1752273104199
0.0,0.0,0.447,34.0,1752273104303
0.0,0.0,0.447,34.0,1752273104338
0.0,0.0,0.457,34.0,1752273104456
0.0,0.0,0.457,34.0,1752273104478
0.0,0.0,0.468,34.0,1752273104640
0.0,0.0,0.468,34.0,1752273104644
0.0,0.0,0.468,34.0,1752273104758
0.0,0.0,0.468,34.0,1752273104761
0.0,0.0,0.478,34.0,1752273104847
0.0,0.0,0.478,34.0,1752273104974
0.0,0.0,0.478,34.0,1752273105251
0.0,0.0,0.478,34.0,1752273105269
0.0,0.0,0.478,34.0,1752273105272
31.70792579650879,-97.18912506103516,0.478,34.0,1752273105272
0.0,0.0,0.478,34.0,1752273105275
0.0,0.0,0.478,34.0,1752273105322
0.0,0.0,0.489,34.0,1752273105461
0.0,0.0,0.489,34.0,1752273105464
0.0,0.0,0.489,34.0,1752273105561
0.0,0.0,0.489,34.0,1752273105598
0.0,0.0,0.489,34.0,1752273105727
0.0,0.0,0.489,34.0,1752273105745
0.0,0.0,0.489,34.0,1752273105975
0.0,0.0,0.499,34.0,1752273105979
0.0,0.0,0.499,34.0,1752273105984
0.0,0.0,0.489,34.0,1752273106021
0.0,0.0,0.489,34.0,1752273106122
0.0,0.0,0.499,34.0,1752273106158
31.707927703857422,-97.18912506103516,0.499,34.0,1752273106158
0.0,0.0,0.499,34.0,1752273106263
0.0,0.0,0.499,34.0,1752273106298
0.0,0.0,0.489,34.0,1752273106389
0.0,0.0,0.489,34.0,1752273106438
0.0,0.0,0.489,34.0,1752273106546
0.0,0.0,0.499,34.0,1752273106648
0.0,0.0,0.499,34.0,1752273106650
0.0,0.0,0.499,34.0,1752273106741
0.0,0.0,0.509,34.0,1752273106789
0.0,0.0,0.52,34.0,1752273106890
0.0,0.0,0.509,34.0,1752273106928
0.0,0.0,0.509,34.0,1752273107033
0.0,0.0,0.53,34.0,1752273107072
0.0,0.0,0.53,34.0,1752273107171
31.70793342590332,-97.18913269042969,0.53,34.0,1752273107171
0.0,0.0,0.541,34.0,1752273107208
0.0,0.0,0.551,34.0,1752273107303
0.0,0.0,0.551,34.0,1752273107350
0.0,0.0,0.561,34.0,1752273107457
0.0,0.0,0.561,34.0,1752273107488
0.0,0.0,0.572,34.0,1752273107603
0.0,0.0,0.561,34.0,1752273107628
0.0,0.0,0.561,34.0,1752273107732
0.0,0.0,0.561,34.0,1752273107768
0.0,0.0,0.582,34.0,1752273107872
0.0,0.0,0.572,34.0,1752273107908
0.0,0.0,0.572,34.0,1752273108014
0.0,0.0,0.572,34.0,1752273108048
0.0,0.0,0.572,34.0,1752273108152
31.70793914794922,-97.18914031982422,0.572,34.0,1752273108152
0.0,0.0,0.572,34.0,1752273108204
0.0,0.0,0.572,34.0,1752273108306
0.0,0.0,0.572,34.0,1752273108328
0.0,0.0,0.582,34.0,1752273108542
0.0,0.0,0.582,34.0,1752273108545
0.0,0.0,0.593,34.0,1752273108550
0.0,0.0,0.593,34.0,1752273108624
0.0,0.0,0.603,34.0,1752273108707
0.0,0.0,0.603,34.0,1752273108748
0.0,0.0,0.614,34.0,1752273108818
0.0,0.0,0.624,34.0,1752273108916
0.0,0.0,0.624,34.0,1752273108960
0.0,0.0,0.624,34.0,1752273109028
0.0,0.0,0.634,34.0,1752273109118
31.707944869995117,-97.18914031982422,0.634,34.0,1752273109118
0.0,0.0,0.634,34.0,1752273109229
0.0,0.0,0.634,34.0,1752273109241
0.0,0.0,0.634,34.0,1752273109331
0.0,0.0,0.645,34.0,1752273109380
0.0,0.0,0.645,34.0,1752273109486
0.0,0.0,0.645,34.0,1752273109518
0.0,0.0,0.634,34.0,1752273109623
0.0,0.0,0.634,34.0,1752273109659
0.0,0.0,0.634,34.0,1752273109759
0.0,0.0,0.645,34.0,1752273109801
0.0,0.0,0.634,34.0,1752273109901
0.0,0.0,0.634,34.0,1752273109938
0.0,0.0,0.645,34.0,1752273110041
0.0,0.0,0.655,34.0,1752273110082
31.70794677734375,-97.18914794921875,0.655,34.0,1752273110082
0.0,0.0,0.655,34.0,1752273110167
0.0,0.0,0.655,34.0,1752273110272
0.0,0.0,0.666,34.0,1752273110289
0.0,0.0,0.676,34.0,1752273110384
0.0,0.0,0.676,34.0,1752273110434
0.0,0.0,0.686,34.0,1752273110499
0.0,0.0,0.697,34.0,1752273110605
0.0,0.0,0.707,34.0,1752273110638
0.0,0.0,0.707,34.0,1752273110747
0.0,0.0,0.718,34.0,1752273110780
0.0,0.0,0.718,34.0,1752273110891
0.0,0.0,0.718,34.0,1752273110920
0.0,0.0,0.738,34.0,1752273111089
0.0,0.0,0.738,34.0,1752273111093
0.0,0.0,0.738,34.0,1752273111131
31.707950592041016,-97.18914794921875,0.738,34.0,1752273111131
0.0,0.0,0.738,34.0,1752273111233
0.0,0.0,0.738,34.0,1752273111269
0.0,0.0,0.728,34.0,1752273111339
0.0,0.0,0.738,34.0,1752273111444
0.0,0.0,0.738,34.0,1752273111484
0.0,0.0,0.749,34.0,1752273111584
0.0,0.0,0.749,34.0,1752273111619
0.0,0.0,0.759,34.0,1752273111722
0.0,0.0,0.759,34.0,1752273111758
0.0,0.0,0.749,34.0,1752273111866
0.0,0.0,0.759,34.0,1752273111898
0.0,0.0,0.759,34.0,1752273112010
0.0,0.0,0.759,34.0,1752273112039
0.0,0.0,0.77,34.0,1752273112146
31.70795440673828,-97.18915557861328,0.77,34.0,1752273112146
0.0,0.0,0.77,34.0,1752273112179
0.0,0.0,0.78,34.0,1752273112297
0.0,0.0,0.78,34.0,1752273112319
0.0,0.0,0.78,34.0,1752273112403
0.0,0.0,0.77,34.0,1752273112529
0.0,0.0,0.77,34.0,1752273112535
0.0,0.0,0.78,34.0,1752273112628
0.0,0.0,0.78,34.0,1752273112670
0.0,0.0,0.78,34.0,1752273112774
0.0,0.0,0.78,34.0,1752273112809
0.0,0.0,0.78,34.0,1752273112916
0.0,0.0,0.78,34.0,1752273112949
0.0,0.0,0.78,34.0,1752273113034
0.0,0.0,0.79,34.0,1752273113143
31.707962036132812,-97.18916320800781,0.79,34.0,1752273113143
0.0,0.0,0.79,34.0,1752273113160
0.0,0.0,0.79,34.0,1752273113266
0.0,0.0,0.79,34.0,1752273113299
0.0,0.0,0.79,34.0,1752273113403
0.0,0.0,0.79,34.0,1752273113439
0.0,0.0,0.79,34.0,1752273113510
0.0,0.0,0.811,34.0,1752273113611
0.0,0.0,0.811,34.0,1752273113662
0.0,0.0,0.811,34.0,1752273113753
0.0,0.0,0.811,34.0,1752273113788
0.0,0.0,0.811,34.0,1752273113894
0.0,0.0,0.822,34.0,1752273113929
0.0,0.0,0.822,34.0,1752273114031
0.0,0.0,0.822,34.0,1752273114069
31.707965850830078,-97.18917083740234,0.822,34.0,1752273114069
0.0,0.0,0.832,34.0,1752273114176
0.0,0.0,0.842,34.0,1752273114212
0.0,0.0,0.853,34.0,1752273114284
0.0,0.0,0.863,34.0,1752273114349
0.0,0.0,0.853,34.0,1752273114466
0.0,0.0,0.853,34.0,1752273114489
0.0,0.0,0.842,34.0,1752273114656
0.0,0.0,0.842,34.0,1752273114661
0.0,0.0,0.832,34.0,1752273114698
0.0,0.0,0.832,34.0,1752273114805
0.0,0.0,0.832,34.0,1752273114838
0.0,0.0,0.822,34.0,1752273114945
0.0,0.0,0.832,34.0,1752273115085
31.707965850830078,-97.18917846679688,0.832,34.0,1752273115085
0.0,0.0,0.832,34.0,1752273115160
0.0,0.0,0.822,34.0,1752273115189
0.0,0.0,0.811,34.0,1752273115268
0.0,0.0,0.811,34.0,1752273115392
0.0,0.0,0.811,34.0,1752273115400
0.0,0.0,0.822,34.0,1752273115495
0.0,0.0,0.822,34.0,1752273115542
0.0,0.0,0.832,34.0,1752273115644
0.0,0.0,0.832,34.0,1752273115681
0.0,0.0,0.822,34.0,1752273115787
0.0,0.0,0.811,34.0,1752273115820
0.0,0.0,0.77,34.0,1752273115921
0.0,0.0,0.728,34.0,1752273115960
0.0,0.0,0.686,34.0,1752273116073
0.0,0.0,0.666,34.0,1752273116098
31.70797348022461,-97.1891860961914,0.666,34.0,1752273116098
0.0,0.0,0.645,34.0,1752273116206
0.0,0.0,0.634,34.0,1752273116238
0.0,0.0,0.614,34.0,1752273116352
0.0,0.0,0.614,34.0,1752273116381
0.0,0.0,0.593,34.0,1752273116464
0.0,0.0,0.582,34.0,1752273116534
0.0,0.0,0.582,34.0,1752273116622
0.0,0.0,0.593,34.0,1752273116658
0.0,0.0,0.645,34.0,1752273116765
0.0,0.0,0.686,34.0,1752273116800
0.0,0.0,0.728,34.0,1752273116901
0.0,0.0,0.749,34.0,1752273116939
0.0,0.0,0.728,34.0,1752273117027
0.0,0.0,0.718,34.0,1752273117130
31.707977294921875,-97.18919372558594,0.718,34.0,1752273117130
0.0,0.0,0.676,34.0,1752273117150
0.0,0.0,0.634,34.0,1752273117328
0.0,0.0,0.593,34.0,1752273117330
0.0,0.0,0.551,34.0,1752273117429
0.0,0.0,0.52,34.0,1752273117538
0.0,0.0,0.468,34.0,1752273117568
0.0,0.0,0.405,34.0,1752273117674
0.0,0.0,0.333,34.0,1752273117708
0.0,0.0,0.291,34.0,1752273117850
0.0,0.0,0.26,34.0,1752273117950
0.0,0.0,0.27,34.0,1752273117992
0.0,0.0,0.301,34.0,1752273118091
0.0,0.0,0.322,34.0,1752273118132
31.707977294921875,-97.18920135498047,0.322,34.0,1752273118132
0.0,0.0,0.364,34.0,1752273118200
0.0,0.0,0.416,34.0,1752273118301
0.0,0.0,0.478,34.0,1752273118338
0.0,0.0,0.52,34.0,1752273118409
0.0,0.0,0.582,34.0,1752273118508
0.0,0.0,0.645,34.0,1752273118580
0.0,0.0,0.686,34.0,1752273118690
0.0,0.0,0.707,34.0,1752273118693
0.0,0.0,0.728,34.0,1752273118875
0.0,0.0,0.728,34.0,1752273118880
0.0,0.0,0.738,34.0,1752273118898
0.0,0.0,0.78,34.0,1752273119004
0.0,0.0,0.77,34.0,1752273119038
0.0,0.0,0.707,34.0,1752273119140
31.70796775817871,-97.189208984375,0.707,34.0,1752273119140
0.0,0.0,0.645,34.0,1752273119180
0.0,0.0,0.624,34.0,1752273119279
0.0,0.0,0.603,34.0,1752273119322
0.0,0.0,0.551,34.0,1752273119423
0.0,0.0,0.541,34.0,1752273119462
0.0,0.0,0.541,34.0,1752273119571
0.0,0.0,0.541,34.0,1752273119598
0.0,0.0,0.52,34.0,1752273119691
0.0,0.0,0.52,34.0,1752273119739
0.0,0.0,0.489,34.0,1752273119847
0.0,0.0,0.447,34.0,1752273119879
0.0,0.0,0.468,34.0,1752273119995
0.0,0.0,0.499,34.0,1752273120018
0.0,0.0,0.468,34.0,1752273120094
31.70796775817871,-97.189208984375,0.468,34.0,1752273120094
0.0,0.0,0.457,34.0,1752273120206
0.0,0.0,0.478,34.0,1752273120228
0.0,0.0,0.489,34.0,1752273120300
0.0,0.0,0.52,34.0,1752273120412
0.0,0.0,0.53,34.0,1752273120442
0.0,0.0,0.551,34.0,1752273120544
0.0,0.0,0.572,34.0,1752273120578
0.0,0.0,0.614,34.0,1752273120680
0.0,0.0,0.676,34.0,1752273120719
0.0,0.0,0.697,34.0,1752273120817
0.0,0.0,0.728,34.0,1752273120859
0.0,0.0,0.728,34.0,1752273120962
0.0,0.0,0.738,34.0,1752273121000
0.0,0.0,0.728,34.0,1752273121101
31.70797348022461,-97.189208984375,0.728,34.0,1752273121101
0.0,0.0,0.718,34.0,1752273121139
0.0,0.0,0.697,34.0,1752273121227
0.0,0.0,0.676,34.0,1752273121329
0.0,0.0,0.666,34.0,1752273121350
0.0,0.0,0.666,34.0,1752273121457
0.0,0.0,0.645,34.0,1752273121490
0.0,0.0,0.603,34.0,1752273121591
0.0,0.0,0.593,34.0,1752273121631
0.0,0.0,0.561,34.0,1752273121735
0.0,0.0,0.603,34.0,1752273121768
0.0,0.0,0.634,34.0,1752273121872
0.0,0.0,0.655,34.0,1752273121909
0.0,0.0,0.666,34.0,1752273122010
0.0,0.0,0.655,34.0,1752273122049
0.0,0.0,0.666,34.0,1752273122154
31.707971572875977,-97.18921661376953,0.666,34.0,1752273122154
0.0,0.0,0.676,34.0,1752273122228
0.0,0.0,0.697,34.0,1752273122259
0.0,0.0,0.707,34.0,1752273122331
0.0,0.0,0.728,34.0,1752273122457
0.0,0.0,0.749,34.0,1752273122474
0.0,0.0,0.78,34.0,1752273122561
0.0,0.0,0.728,34.0,1752273122662
0.0,0.0,0.686,34.0,1752273122680
0.0,0.0,0.676,34.0,1752273122866
0.0,0.0,0.666,34.0,1752273122875
0.0,0.0,0.676,34.0,1752273122890
0.0,0.0,0.697,34.0,1752273122994
0.0,0.0,0.728,34.0,1752273123031
0.0,0.0,0.759,34.0,1752273123133
31.707977294921875,-97.18922424316406,0.759,34.0,1752273123133
0.0,0.0,0.801,34.0,1752273123169
0.0,0.0,0.832,34.0,1752273123274
0.0,0.0,0.842,34.0,1752273123308
0.0,0.0,0.811,34.0,1752273123429
0.0,0.0,0.842,34.0,1752273123449
0.0,0.0,0.853,34.0,1752273123556
0.0,0.0,0.842,34.0,1752273123609
0.0,0.0,0.801,34.0,1752273123687
0.0,0.0,0.749,34.0,1752273123729
0.0,0.0,0.718,34.0,1752273123908
0.0,0.0,0.697,34.0,1752273123913
0.0,0.0,0.676,34.0,1752273123938
0.0,0.0,0.624,34.0,1752273124017
0.0,0.0,0.582,34.0,1752273124201
0.0,0.0,0.551,34.0,1752273124206
31.70798110961914,-97.1892318725586,0.551,34.0,1752273124206
0.0,0.0,0.561,34.0,1752273124218
0.0,0.0,0.53,34.0,1752273124323
0.0,0.0,0.541,34.0,1752273124358
0.0,0.0,0.572,34.0,1752273124466
0.0,0.0,0.603,34.0,1752273124498
0.0,0.0,0.624,34.0,1752273124603
0.0,0.0,0.634,34.0,1752273124640
0.0,0.0,0.634,34.0,1752273124747
0.0,0.0,0.645,34.0,1752273124783
0.0,0.0,0.707,34.0,1752273124881
0.0,0.0,0.759,34.0,1752273124918
0.0,0.0,0.759,34.0,1752273125018
0.0,0.0,0.77,34.0,1752273125059
0.0,0.0,0.822,34.0,1752273125162
31.707984924316406,-97.1892318725586,0.822,34.0,1752273125162
0.0,0.0,0.822,34.0,1752273125200
0.0,0.0,0.811,34.0,1752273125301
0.0,0.0,0.832,34.0,1752273125343
0.0,0.0,0.853,34.0,1752273125427
0.0,0.0,0.884,34.0,1752273125535
0.0,0.0,0.926,34.0,1752273125549
0.0,0.0,0.957,34.0,1752273125650
0.0,0.0,0.967,34.0,1752273125688
0.0,0.0,0.988,34.0,1752273125787
0.0,0.0,1.04,34.0,1752273125830
0.0,0.0,1.071,34.0,1752273125947
0.0,0.0,1.082,34.0,1752273125970
0.0,0.0,1.103,34.0,1752273126040
0.0,0.0,1.134,34.0,1752273126146
31.707983016967773,-97.18923950195312,1.134,34.0,1752273126146
0.0,0.0,1.134,34.0,1752273126180
0.0,0.0,1.155,34.0,1752273126282
0.0,0.0,1.155,34.0,1752273126320
0.0,0.0,1.165,34.0,1752273126422
0.0,0.0,1.186,34.0,1752273126459
0.0,0.0,1.228,34.0,1752273126565
0.0,0.0,1.217,34.0,1752273126604
0.0,0.0,1.186,34.0,1752273126702
0.0,0.0,1.186,34.0,1752273126740
0.0,0.0,1.165,34.0,1752273126858
0.0,0.0,1.123,34.0,1752273126881
0.0,0.0,1.103,34.0,1752273126957
0.0,0.0,1.082,34.0,1752273127054
0.0,0.0,1.03,34.0,1752273127093
31.707984924316406,-97.18924713134766,1.03,34.0,1752273127093
0.0,0.0,1.009,34.0,1752273127193
0.0,0.0,0.978,34.0,1752273127232
0.0,0.0,0.936,34.0,1752273127338
0.0,0.0,0.884,34.0,1752273127368
0.0,0.0,0.863,34.0,1752273127471
0.0,0.0,0.874,34.0,1752273127508
0.0,0.0,0.926,34.0,1752273127697
0.0,0.0,0.988,34.0,1752273127701
0.0,0.0,1.019,34.0,1752273127719
0.0,0.0,1.082,34.0,1752273127796
0.0,0.0,1.134,34.0,1752273127886
0.0,0.0,1.207,34.0,1752273127937
0.0,0.0,1.228,34.0,1752273128034
0.0,0.0,1.269,34.0,1752273128069
0.0,0.0,1.311,34.0,1752273128172
31.70798683166504,-97.18925476074219,1.311,34.0,1752273128172
0.0,0.0,1.373,34.0,1752273128213
0.0,0.0,1.436,34.0,1752273128315
0.0,0.0,1.425,34.0,1752273128350
0.0,0.0,1.415,34.0,1752273128454
0.0,0.0,1.342,34.0,1752273128491
0.0,0.0,1.363,34.0,1752273128598
0.0,0.0,1.321,34.0,1752273128632
0.0,0.0,1.29,34.0,1752273128732
0.0,0.0,1.28,34.0,1752273128771
0.0,0.0,1.28,34.0,1752273128875
0.0,0.0,1.269,34.0,1752273128909
0.0,0.0,1.29,34.0,1752273129011
0.0,0.0,1.269,34.0,1752273129051
0.0,0.0,1.248,34.0,1752273129153
31.707990646362305,-97.18926239013672,1.248,34.0,1752273129153
0.0,0.0,1.29,34.0,1752273129189
0.0,0.0,1.342,34.0,1752273129296
0.0,0.0,1.425,34.0,1752273129330
0.0,0.0,1.425,34.0,1752273129424
0.0,0.0,1.467,34.0,1752273129531
0.0,0.0,1.509,34.0,1752273129541
0.0,0.0,1.509,34.0,1752273129729
0.0,0.0,1.488,34.0,1752273129732
0.0,0.0,1.488,34.0,1752273129752
0.0,0.0,1.467,34.0,1752273129863
0.0,0.0,1.456,34.0,1752273129893
0.0,0.0,1.488,34.0,1752273129996
0.0,0.0,1.456,34.0,1752273130034
0.0,0.0,1.436,34.0,1752273130135
31.707992553710938,-97.18927001953125,1.436,34.0,1752273130135
0.0,0.0,1.415,34.0,1752273130171
0.0,0.0,1.404,34.0,1752273130279
0.0,0.0,1.404,34.0,1752273130310
0.0,0.0,1.394,34.0,1752273130414
0.0,0.0,1.436,34.0,1752273130450
0.0,0.0,1.467,34.0,1752273130549
0.0,0.0,1.498,34.0,1752273130591
0.0,0.0,1.529,34.0,1752273130697
0.0,0.0,1.571,34.0,1752273130733
0.0,0.0,1.581,34.0,1752273130832
0.0,0.0,1.613,34.0,1752273130871
0.0,0.0,1.613,34.0,1752273130974
0.0,0.0,1.602,34.0,1752273131017
0.0,0.0,1.633,34.0,1752273131115
31.70799446105957,-97.18927764892578,1.633,34.0,1752273131115
0.0,0.0,1.644,34.0,1752273131154
0.0,0.0,1.685,34.0,1752273131259
0.0,0.0,1.685,34.0,1752273131291
0.0,0.0,1.675,34.0,1752273131398
0.0,0.0,1.665,34.0,1752273131492
0.0,0.0,1.654,34.0,1752273131500
0.0,0.0,1.644,34.0,1752273131603
0.0,0.0,1.633,34.0,1752273131640
0.0,0.0,1.633,34.0,1752273131710
0.0,0.0,1.633,34.0,1752273131815
0.0,0.0,1.675,34.0,1752273131850
0.0,0.0,1.685,34.0,1752273131924
0.0,0.0,1.696,34.0,1752273131991
0.0,0.0,1.685,34.0,1752273132066
31.707992553710938,-97.18928527832031,1.685,34.0,1752273132066
0.0,0.0,1.706,34.0,1752273132131
0.0,0.0,1.717,34.0,1752273132202
0.0,0.0,1.727,34.0,1752273132274
0.0,0.0,1.727,34.0,1752273132340
0.0,0.0,1.727,34.0,1752273132412
0.0,0.0,1.748,34.0,1752273132481
0.0,0.0,1.748,34.0,1752273132551
0.0,0.0,1.769,34.0,1752273132621
0.0,0.0,1.748,34.0,1752273132690
0.0,0.0,1.748,34.0,1752273132764
0.0,0.0,1.748,34.0,1752273132832
0.0,0.0,1.758,34.0,1752273132901
0.0,0.0,1.758,34.0,1752273132974
0.0,0.0,1.758,34.0,1752273133041
0.0,0.0,1.758,34.0,1752273133117
31.70799446105957,-97.18929290771484,1.758,34.0,1752273133117
0.0,0.0,1.758,34.0,1752273133185
0.0,0.0,1.769,34.0,1752273133253
0.0,0.0,1.769,34.0,1752273133322
0.0,0.0,1.769,34.0,1752273133392
0.0,0.0,1.769,34.0,1752273133464
0.0,0.0,1.779,34.0,1752273133531
0.0,0.0,1.779,34.0,1752273133601
0.0,0.0,1.779,34.0,1752273133672
0.0,0.0,1.79,34.0,1752273133741
0.0,0.0,1.79,34.0,1752273133811
0.0,0.0,1.79,34.0,1752273133882
0.0,0.0,1.8,34.0,1752273133958
0.0,0.0,1.769,34.0,1752273134027
0.0,0.0,1.737,34.0,1752273134092
31.707998275756836,-97.18930053710938,1.737,34.0,1752273134092
0.0,0.0,1.727,34.0,1752273134161
0.0,0.0,1.706,34.0,1752273134231
0.0,0.0,1.685,34.0,1752273134302
0.0,0.0,1.696,34.0,1752273134372
0.0,0.0,1.675,34.0,1752273134442
0.0,0.0,1.665,34.0,1752273134512
0.0,0.0,1.665,34.0,1752273134582
0.0,0.0,1.623,34.0,1752273134659
0.0,0.0,1.613,34.0,1752273134721
0.0,0.0,1.613,34.0,1752273134791
0.0,0.0,1.602,34.0,1752273134862
0.0,0.0,1.623,34.0,1752273134931
0.0,0.0,1.592,34.0,1752273135001
0.0,0.0,1.581,34.0,1752273135071
31.70800018310547,-97.18931579589844,1.581,34.0,1752273135071
0.0,0.0,1.592,34.0,1752273135140
0.0,0.0,1.55,34.0,1752273135210
0.0,0.0,1.519,34.0,1752273135280
0.0,0.0,1.488,34.0,1752273135351
0.0,0.0,1.425,34.0,1752273135420
0.0,0.0,1.425,34.0,1752273135491
0.0,0.0,1.373,34.0,1752273135561
0.0,0.0,1.321,34.0,1752273135631
0.0,0.0,1.28,34.0,1752273135699
0.0,0.0,1.228,34.0,1752273135775
0.0,0.0,1.207,34.0,1752273135839
0.0,0.0,1.186,34.0,1752273135909
0.0,0.0,1.123,34.0,1752273135980
0.0,0.0,1.103,34.0,1752273136051
0.0,0.0,1.082,34.0,1752273136119
31.708005905151367,-97.1893310546875,1.082,34.0,1752273136119
0.0,0.0,1.04,34.0,1752273136190
0.0,0.0,1.071,34.0,1752273136259
0.0,0.0,1.092,34.0,1752273136335
0.0,0.0,1.123,34.0,1752273136400
0.0,0.0,1.165,34.0,1752273136469
0.0,0.0,1.175,34.0,1752273136539
0.0,0.0,1.165,34.0,1752273136609
0.0,0.0,1.165,34.0,1752273136680
0.0,0.0,1.123,34.0,1752273136749
0.0,0.0,1.123,34.0,1752273136819
0.0,0.0,1.134,34.0,1752273136898
0.0,0.0,1.113,34.0,1752273136959
0.0,0.0,1.103,34.0,1752273137031
0.0,0.0,1.082,34.0,1752273137102
31.708011627197266,-97.1893539428711,1.082,34.0,1752273137102
0.0,0.0,1.071,34.0,1752273137170
0.0,0.0,0.999,34.0,1752273137241
0.0,0.0,0.926,34.0,1752273137309
0.0,0.0,0.874,34.0,1752273137378
0.0,0.0,0.863,34.0,1752273137449
0.0,0.0,0.822,34.0,1752273137518
0.0,0.0,0.801,34.0,1752273137590
0.0,0.0,0.77,34.0,1752273137659
0.0,0.0,0.718,34.0,1752273137730
0.0,0.0,0.686,34.0,1752273137800
0.0,0.0,0.666,34.0,1752273137868
0.0,0.0,0.645,34.0,1752273137938
0.0,0.0,0.603,34.0,1752273138013
0.0,0.0,0.614,34.0,1752273138078
31.70801544189453,-97.18936920166016,0.614,34.0,1752273138078
0.0,0.0,0.634,34.0,1752273138151
0.0,0.0,0.634,34.0,1752273138219
0.0,0.0,0.582,34.0,1752273138288
0.0,0.0,0.572,34.0,1752273138358
0.0,0.0,0.551,34.0,1752273138428
0.0,0.0,0.561,34.0,1752273138500
0.0,0.0,0.572,34.0,1752273138568
0.0,0.0,0.582,34.0,1752273138638
0.0,0.0,0.572,34.0,1752273138708
0.0,0.0,0.53,34.0,1752273138778
0.0,0.0,0.53,34.0,1752273138848
0.0,0.0,0.499,34.0,1752273138918
0.0,0.0,0.489,34.0,1752273138988
0.0,0.0,0.468,34.0,1752273139066
0.0,0.0,0.468,34.0,1752273139128
31.708024978637695,-97.18939208984375,0.468,34.0,1752273139128
0.0,0.0,0.499,34.0,1752273139199
0.0,0.0,0.541,34.0,1752273139269
0.0,0.0,0.53,34.0,1752273139340
0.0,0.0,0.499,34.0,1752273139408
0.0,0.0,0.52,34.0,1752273139481
0.0,0.0,0.53,34.0,1752273139548
0.0,0.0,0.572,34.0,1752273139618
0.0,0.0,0.572,34.0,1752273139692
0.0,0.0,0.582,34.0,1752273139758
0.0,0.0,0.582,34.0,1752273139882
0.0,0.0,0.582,34.0,1752273139897
0.0,0.0,0.582,34.0,1752273140004
0.0,0.0,0.561,34.0,1752273140038
0.0,0.0,0.551,34.0,1752273140160
0.0,0.0,0.52,34.0,1752273140177
31.70803451538086,-97.18939971923828,0.52,34.0,1752273140177
0.0,0.0,0.499,34.0,1752273140272
0.0,0.0,0.468,34.0,1752273140318
0.0,0.0,0.457,34.0,1752273140421
0.0,0.0,0.447,34.0,1752273140458
0.0,0.0,0.468,34.0,1752273140563
0.0,0.0,0.489,34.0,1752273140599
0.0,0.0,0.52,34.0,1752273140668
0.0,0.0,0.541,34.0,1752273140776
0.0,0.0,0.551,34.0,1752273140808
0.0,0.0,0.572,34.0,1752273140915
0.0,0.0,0.572,34.0,1752273140949
0.0,0.0,0.624,34.0,1752273141051
0.0,0.0,0.655,34.0,1752273141092
31.708040237426758,-97.18941497802734,0.655,34.0,1752273141092
0.0,0.0,0.697,34.0,1752273141193
0.0,0.0,0.718,34.0,1752273141234
0.0,0.0,0.749,34.0,1752273141328
0.0,0.0,0.718,34.0,1752273141368
0.0,0.0,0.676,34.0,1752273141471
0.0,0.0,0.676,34.0,1752273141511
0.0,0.0,0.676,34.0,1752273141603
0.0,0.0,0.655,34.0,1752273141649
0.0,0.0,0.655,34.0,1752273141756
0.0,0.0,0.666,34.0,1752273141791
0.0,0.0,0.676,34.0,1752273141890
0.0,0.0,0.697,34.0,1752273141972
0.0,0.0,0.697,34.0,1752273141998
0.0,0.0,0.686,34.0,1752273142079
0.0,0.0,0.697,34.0,1752273142219
0.0,0.0,0.749,34.0,1752273142231
0.0,0.0,0.77,34.0,1752273142322
0.0,0.0,0.759,34.0,1752273142356
0.0,0.0,0.738,34.0,1752273142450
0.0,0.0,0.749,34.0,1752273142488
0.0,0.0,0.738,34.0,1752273142597
0.0,0.0,0.738,34.0,1752273142631
0.0,0.0,0.728,34.0,1752273142732
0.0,0.0,0.697,34.0,1752273142768
0.0,0.0,0.697,34.0,1752273142871
0.0,0.0,0.697,34.0,1752273142908
0.0,0.0,0.697,34.0,1752273143010
0.0,0.0,0.676,34.0,1752273143048
0.0,0.0,0.655,34.0,1752273143146
0.0,0.0,0.655,34.0,1752273143189
0.0,0.0,0.655,34.0,1752273143302
0.0,0.0,0.624,34.0,1752273143329
0.0,0.0,0.603,34.0,1752273143430
0.0,0.0,0.572,34.0,1752273143474
0.0,0.0,0.541,34.0,1752273143570
0.0,0.0,0.551,34.0,1752273143655
0.0,0.0,0.572,34.0,1752273143678
0.0,0.0,0.561,34.0,1752273143766
0.0,0.0,0.561,34.0,1752273143832
0.0,0.0,0.53,34.0,1752273143963
0.0,0.0,0.509,34.0,1752273143968
0.0,0.0,0.489,34.0,1752273144063
0.0,0.0,0.509,34.0,1752273144098
0.0,0.0,0.499,34.0,1752273144200
0.0,0.0,0.489,34.0,1752273144238
0.0,0.0,0.551,34.0,1752273144325
0.0,0.0,0.561,34.0,1752273144379
0.0,0.0,0.582,34.0,1752273144471
0.0,0.0,0.603,34.0,1752273144518
0.0,0.0,0.614,34.0,1752273144633
0.0,0.0,0.634,34.0,1752273144658
0.0,0.0,0.686,34.0,1752273144778
0.0,0.0,0.707,34.0,1752273144800
0.0,0.0,0.738,34.0,1752273144901
0.0,0.0,0.697,34.0,1752273144939
0.0,0.0,0.738,34.0,1752273145042
0.0,0.0,0.759,34.0,1752273145081
0.0,0.0,0.759,34.0,1752273145191
0.0,0.0,0.759,34.0,1752273145218
0.0,0.0,0.738,34.0,1752273145320
0.0,0.0,0.749,34.0,1752273145359
0.0,0.0,0.759,34.0,1752273145461
0.0,0.0,0.749,34.0,1752273145541
0.0,0.0,0.738,34.0,1752273145568
0.0,0.0,0.697,34.0,1752273145653
0.0,0.0,0.666,34.0,1752273145808
0.0,0.0,0.707,34.0,1752273145812
0.0,0.0,0.655,34.0,1752273145849
0.0,0.0,0.593,34.0,1752273145949
0.0,0.0,0.561,34.0,1752273145988
0.0,0.0,0.52,34.0,1752273146091
0.0,0.0,0.52,34.0,1752273146128
0.0,0.0,0.509,34.0,1752273146231
0.0,0.0,0.468,34.0,1752273146268
0.0,0.0,0.468,34.0,1752273146370
0.0,0.0,0.447,34.0,1752273146408
0.0,0.0,0.468,34.0,1752273146516
0.0,0.0,0.447,34.0,1752273146549
0.0,0.0,0.395,34.0,1752273146654
0.0,0.0,0.405,34.0,1752273146688
0.0,0.0,0.416,34.0,1752273146793
0.0,0.0,0.405,34.0,1752273146830
0.0,0.0,0.405,34.0,1752273146936
31.708106994628906,-97.18953704833984,0.405,34.0,1752273146936
0.0,0.0,0.374,34.0,1752273147375
0.0,0.0,0.353,34.0,1752273147491
0.0,0.0,0.364,34.0,1752273147529
0.0,0.0,0.364,34.0,1752273147597
0.0,0.0,0.385,34.0,1752273147701
0.0,0.0,0.385,34.0,1752273147741
0.0,0.0,0.385,34.0,1752273147847
0.0,0.0,0.416,34.0,1752273147878
0.0,0.0,0.416,34.0,1752273147984
0.0,0.0,0.437,34.0,1752273148018
0.0,0.0,0.447,34.0,1752273148139
0.0,0.0,0.437,34.0,1752273148161
31.70810890197754,-97.1895523071289,0.437,34.0,1752273148161
0.0,0.0,0.457,34.0,1752273148239
0.0,0.0,0.499,34.0,1752273148338
0.0,0.0,0.499,34.0,1752273148367
0.0,0.0,0.52,34.0,1752273148457
0.0,0.0,0.53,34.0,1752273148522
0.0,0.0,0.541,34.0,1752273148629
0.0,0.0,0.551,34.0,1752273148649
0.0,0.0,0.551,34.0,1752273148718
0.0,0.0,0.541,34.0,1752273148828
0.0,0.0,0.53,34.0,1752273148858
0.0,0.0,0.509,34.0,1752273148957
0.0,0.0,0.499,34.0,1752273148998
0.0,0.0,0.478,34.0,1752273149071
0.0,0.0,0.457,34.0,1752273149138
31.70811653137207,-97.18956756591797,0.457,34.0,1752273149138
0.0,0.0,0.478,34.0,1752273149250
0.0,0.0,0.478,34.0,1752273149278
0.0,0.0,0.457,34.0,1752273149368
0.0,0.0,0.447,34.0,1752273149446
0.0,0.0,0.426,34.0,1752273149487
0.0,0.0,0.416,34.0,1752273149583
0.0,0.0,0.395,34.0,1752273149654
0.0,0.0,0.405,34.0,1752273149698
0.0,0.0,0.395,34.0,1752273149797
0.0,0.0,0.395,34.0,1752273149838
0.0,0.0,0.405,34.0,1752273149946
0.0,0.0,0.437,34.0,1752273149977
0.0,0.0,0.405,34.0,1752273150080
0.0,0.0,0.395,34.0,1752273150118
31.708127975463867,-97.18958282470703,0.395,34.0,1752273150118
0.0,0.0,0.437,34.0,1752273150206
0.0,0.0,0.447,34.0,1752273150308
0.0,0.0,0.457,34.0,1752273150327
0.0,0.0,0.468,34.0,1752273150513
0.0,0.0,0.478,34.0,1752273150516
0.0,0.0,0.489,34.0,1752273150538
0.0,0.0,0.509,34.0,1752273150656
0.0,0.0,0.541,34.0,1752273150682
0.0,0.0,0.541,34.0,1752273150820
0.0,0.0,0.52,34.0,1752273150823
0.0,0.0,0.541,34.0,1752273150925
0.0,0.0,0.582,34.0,1752273150959
0.0,0.0,0.551,34.0,1752273151061
0.0,0.0,0.561,34.0,1752273151098
0.0,0.0,0.593,34.0,1752273151198
31.7081356048584,-97.18959045410156,0.593,34.0,1752273151198
0.0,0.0,0.624,34.0,1752273151238
0.0,0.0,0.676,34.0,1752273151312
0.0,0.0,0.686,34.0,1752273151385
0.0,0.0,0.676,34.0,1752273151538
0.0,0.0,0.634,34.0,1752273151542
0.0,0.0,0.624,34.0,1752273151590
0.0,0.0,0.676,34.0,1752273151743
0.0,0.0,0.686,34.0,1752273151747
0.0,0.0,0.686,34.0,1752273151843
0.0,0.0,0.728,34.0,1752273151869
0.0,0.0,0.697,34.0,1752273151972
0.0,0.0,0.697,34.0,1752273152008
0.0,0.0,0.676,34.0,1752273152111
0.0,0.0,0.655,34.0,1752273152148
31.708131790161133,-97.1895980834961,0.655,34.0,1752273152148
0.0,0.0,0.676,34.0,1752273152250
0.0,0.0,0.718,34.0,1752273152289
0.0,0.0,0.77,34.0,1752273152391
0.0,0.0,0.801,34.0,1752273152431
0.0,0.0,0.811,34.0,1752273152533
0.0,0.0,0.822,34.0,1752273152568
0.0,0.0,0.832,34.0,1752273152671
0.0,0.0,0.853,34.0,1752273152708
0.0,0.0,0.895,34.0,1752273152809
0.0,0.0,0.915,34.0,1752273152849
0.0,0.0,0.947,34.0,1752273152944
0.0,0.0,0.957,34.0,1752273153053
0.0,0.0,0.957,34.0,1752273153060
0.0,0.0,0.936,34.0,1752273153151
0.0,0.0,0.926,34.0,1752273153198
31.7081298828125,-97.1895980834961,0.926,34.0,1752273153198
0.0,0.0,0.905,34.0,1752273153303
0.0,0.0,0.895,34.0,1752273153338
0.0,0.0,0.915,34.0,1752273153443
0.0,0.0,0.926,34.0,1752273153478
0.0,0.0,0.926,34.0,1752273153583
0.0,0.0,0.915,34.0,1752273153624
0.0,0.0,0.905,34.0,1752273153720
0.0,0.0,0.947,34.0,1752273153763
0.0,0.0,0.978,34.0,1752273153864
0.0,0.0,0.978,34.0,1752273153902
0.0,0.0,1.03,34.0,1752273153998
0.0,0.0,1.061,34.0,1752273154039
0.0,0.0,1.103,34.0,1752273154145
0.0,0.0,1.144,34.0,1752273154179
31.7081298828125,-97.18959045410156,1.144,34.0,1752273154179
0.0,0.0,1.103,34.0,1752273154283
0.0,0.0,1.113,34.0,1752273154320
0.0,0.0,1.113,34.0,1752273154422
0.0,0.0,1.134,34.0,1752273154459
0.0,0.0,1.144,34.0,1752273154561
0.0,0.0,1.144,34.0,1752273154599
0.0,0.0,1.123,34.0,1752273154709
0.0,0.0,1.155,34.0,1752273154742
0.0,0.0,1.165,34.0,1752273154845
0.0,0.0,1.144,34.0,1752273154879
0.0,0.0,1.123,34.0,1752273154988
0.0,0.0,1.144,34.0,1752273155064
0.0,0.0,1.165,34.0,1752273155089
0.0,0.0,1.175,34.0,1752273155160
31.708133697509766,-97.18959045410156,1.175,34.0,1752273155160
0.0,0.0,1.186,34.0,1752273155265
0.0,0.0,1.196,34.0,1752273155300
0.0,0.0,1.196,34.0,1752273155402
0.0,0.0,1.238,34.0,1752273155440
0.0,0.0,1.28,34.0,1752273155558
0.0,0.0,1.259,34.0,1752273155580
0.0,0.0,1.228,34.0,1752273155736
0.0,0.0,1.28,34.0,1752273155741
0.0,0.0,1.342,34.0,1752273155842
0.0,0.0,1.363,34.0,1752273155860
0.0,0.0,1.415,34.0,1752273155969
0.0,0.0,1.446,34.0,1752273156002
0.0,0.0,1.477,34.0,1752273156102
0.0,0.0,1.498,34.0,1752273156144
31.708126068115234,-97.18958282470703,1.498,34.0,1752273156144
0.0,0.0,1.529,34.0,1752273156246
0.0,0.0,1.561,34.0,1752273156281
0.0,0.0,1.561,34.0,1752273156349
0.0,0.0,1.633,34.0,1752273156452
0.0,0.0,1.696,34.0,1752273156490
0.0,0.0,1.696,34.0,1752273156595
0.0,0.0,1.654,34.0,1752273156631
0.0,0.0,1.665,34.0,1752273156734
0.0,0.0,1.654,34.0,1752273156816
0.0,0.0,1.644,34.0,1752273156840
0.0,0.0,1.644,34.0,1752273156924
0.0,0.0,1.644,34.0,1752273157074
0.0,0.0,1.644,34.0,1752273157079
0.0,0.0,1.644,34.0,1752273157131
0.0,0.0,1.654,34.0,1752273157278
31.708127975463867,-97.18958282470703,1.654,34.0,1752273157278
0.0,0.0,1.592,34.0,1752273157290
0.0,0.0,1.54,34.0,1752273157377
0.0,0.0,1.561,34.0,1752273157401
0.0,0.0,1.581,34.0,1752273157505
0.0,0.0,1.561,34.0,1752273157541
0.0,0.0,1.561,34.0,1752273157644
0.0,0.0,1.54,34.0,1752273157682
0.0,0.0,1.519,34.0,1752273157784
0.0,0.0,1.519,34.0,1752273157820
0.0,0.0,1.54,34.0,1752273157929
31.70813751220703,-97.18958282470703,1.54,34.0,1752273157929
0.0,0.0,1.519,34.0,1752273173272
0.0,0.0,0.239,34.2,1752273204091
0.0,0.0,0.228,34.2,1752273204351
0.0,0.0,0.218,34.2,1752273204720
0.0,0.0,0.218,34.2,1752273204925
0.0,0.0,0.218,34.2,1752273205334
0.0,0.0,0.218,34.2,1752273205539
0.0,0.0,0.218,34.2,1752273205749
0.0,0.0,0.218,34.2,1752273206051
0.0,0.0,0.228,34.2,1752273206565
0.0,0.0,0.228,34.2,1752273206868
0.0,0.0,0.239,34.2,1752273207178
0.0,0.0,0.239,34.2,1752273207568
0.0,0.0,0.239,34.2,1752273207657
0.0,0.0,0.239,34.2,1752273207998
0.0,0.0,0.249,34.2,1752273208209
0.0,0.0,0.249,34.2,1752273208512
0.0,0.0,0.26,34.2,1752273208822
0.0,0.0,0.26,34.2,1752273209023
0.0,0.0,0.26,34.0,1752273209335
0.0,0.0,0.27,34.0,1752273209673
0.0,0.0,0.26,34.0,1752273209847
0.0,0.0,0.249,34.0,1752273210262
0.0,0.0,0.249,34.0,1752273210451
0.0,0.0,0.26,34.0,1752273210669
0.0,0.0,0.26,34.0,1752273210840
0.0,0.0,0.26,34.0,1752273210842
0.0,0.0,0.249,34.0,1752273210881
0.0,0.0,0.26,34.0,1752273210984
0.0,0.0,0.26,34.0,1752273211020
0.0,0.0,0.27,34.0,1752273211123
0.0,0.0,0.27,34.0,1752273211162
0.0,0.0,0.26,34.0,1752273211249
0.0,0.0,0.26,34.0,1752273211360
0.0,0.0,0.27,34.0,1752273211432
0.0,0.0,0.28,34.0,1752273211447
0.0,0.0,0.27,34.0,1752273211541
0.0,0.0,0.27,34.0,1752273211581
0.0,0.0,0.26,34.0,1752273211688
0.0,0.0,0.249,34.0,1752273211721
0.0,0.0,0.228,34.0,1752273211828
0.0,0.0,0.228,34.0,1752273211862
0.0,0.0,0.218,34.0,1752273211963
0.0,0.0,0.218,34.0,1752273212002
0.0,0.0,0.218,34.0,1752273212105
0.0,0.0,0.218,34.0,1752273212140
0.0,0.0,0.218,34.2,1752273212252
0.0,0.0,0.208,34.2,1752273212281
0.0,0.0,0.208,34.2,1752273212374
0.0,0.0,0.218,34.2,1752273212424
0.0,0.0,0.218,34.2,1752273212523
0.0,0.0,0.218,34.2,1752273212564
31.70810890197754,-97.1895751953125,0.218,34.2,1752273212564
0.0,0.0,0.218,34.2,1752273212663
0.0,0.0,0.218,34.2,1752273212707
0.0,0.0,0.228,34.2,1752273212803
0.0,0.0,0.228,34.2,1752273212842
0.0,0.0,0.228,34.2,1752273212943
0.0,0.0,0.239,34.2,1752273212980
0.0,0.0,0.239,34.2,1752273213109
0.0,0.0,0.249,34.2,1752273213126
0.0,0.0,0.249,34.2,1752273213218
0.0,0.0,0.249,34.2,1752273213262
0.0,0.0,0.249,34.2,1752273213364
0.0,0.0,0.239,34.2,1752273213400
0.0,0.0,0.249,34.2,1752273213501
0.0,0.0,0.249,34.2,1752273213541
0.0,0.0,0.26,34.2,1752273213644
31.70811653137207,-97.1895751953125,0.26,34.2,1752273213644
0.0,0.0,0.26,34.2,1752273213682
0.0,0.0,0.27,34.2,1752273213784
0.0,0.0,0.26,34.2,1752273213819
0.0,0.0,0.26,34.2,1752273213910
0.0,0.0,0.249,34.2,1752273213960
0.0,0.0,0.239,34.2,1752273214116
0.0,0.0,0.249,34.2,1752273214122
0.0,0.0,0.239,34.2,1752273214322
0.0,0.0,0.239,34.2,1752273214325
0.0,0.0,0.228,34.2,1752273214327
0.0,0.0,0.228,34.2,1752273214421
0.0,0.0,0.239,34.2,1752273214450
0.0,0.0,0.239,34.2,1752273214553
0.0,0.0,0.228,34.2,1752273214591
31.708120346069336,-97.1895751953125,0.228,34.2,1752273214591
0.0,0.0,0.228,34.2,1752273214701
0.0,0.0,0.228,34.2,1752273214734
0.0,0.0,0.228,34.2,1752273214835
0.0,0.0,0.239,34.2,1752273214870
0.0,0.0,0.239,34.2,1752273214976
0.0,0.0,0.249,34.2,1752273215010
0.0,0.0,0.26,34.2,1752273215135
0.0,0.0,0.26,34.2,1752273215151
0.0,0.0,0.26,34.2,1752273215243
0.0,0.0,0.26,34.2,1752273215290
0.0,0.0,0.26,34.2,1752273215360
0.0,0.0,0.26,34.2,1752273215553
0.0,0.0,0.26,34.2,1752273215558
0.0,0.0,0.27,34.2,1752273215569
0.0,0.0,0.27,34.2,1752273215678
0.0,0.0,0.27,34.2,1752273215710
0.0,0.0,0.27,34.2,1752273215815
0.0,0.0,0.26,34.2,1752273215850
0.0,0.0,0.26,34.2,1752273215958
0.0,0.0,0.26,34.2,1752273215990
0.0,0.0,0.26,34.2,1752273216093
31.7081241607666,-97.1895751953125,0.26,34.2,1752273216093
0.0,0.0,0.26,34.2,1752273216130
0.0,0.0,0.26,34.2,1752273216233
0.0,0.0,0.26,34.2,1752273216272
0.0,0.0,0.26,34.2,1752273216368
0.0,0.0,0.26,34.2,1752273216411
0.0,0.0,0.27,34.2,1752273216514
0.0,0.0,0.26,34.2,1752273216552
0.0,0.0,0.26,34.2,1752273216652
0.0,0.0,0.26,34.2,1752273216691
0.0,0.0,0.26,34.2,1752273216777
0.0,0.0,0.249,34.2,1752273216882
0.0,0.0,0.249,34.2,1752273216901
0.0,0.0,0.249,34.2,1752273216983
0.0,0.0,0.249,34.2,1752273217087
31.708126068115234,-97.1895751953125,0.249,34.2,1752273217087
0.0,0.0,0.249,34.2,1752273217110
0.0,0.0,0.26,34.2,1752273217213
0.0,0.0,0.26,34.2,1752273217254
0.0,0.0,0.26,34.2,1752273217320
0.0,0.0,0.26,34.2,1752273217422
0.0,0.0,0.27,34.2,1752273217460
0.0,0.0,0.27,34.2,1752273217567
0.0,0.0,0.28,34.2,1752273217602
0.0,0.0,0.27,34.2,1752273217740
0.0,0.0,0.26,34.2,1752273217850
0.0,0.0,0.26,34.2,1752273217982
0.0,0.0,0.249,34.2,1752273218021
31.7081241607666,-97.18958282470703,0.249,34.2,1752273218021
0.0,0.0,0.239,34.2,1752273218108
0.0,0.0,0.228,34.2,1752273218263
0.0,0.0,0.208,34.2,1752273218300
0.0,0.0,0.197,34.2,1752273218402
0.0,0.0,0.187,34.2,1752273218440
0.0,0.0,0.166,34.2,1752273218551
0.0,0.0,0.145,34.2,1752273218580
0.0,0.0,0.145,34.2,1752273218685
0.0,0.0,0.156,34.2,1752273218721
0.0,0.0,0.156,34.2,1752273218814
0.0,0.0,0.176,34.2,1752273218925
0.0,0.0,0.176,34.2,1752273218930
0.0,0.0,0.176,34.2,1752273219002
0.0,0.0,0.197,34.2,1752273219135
31.7081241607666,-97.1895751953125,0.197,34.2,1752273219135
0.0,0.0,0.208,34.2,1752273219146
0.0,0.0,0.218,34.2,1752273219523
0.0,0.0,0.249,34.2,1752273219560
0.0,0.0,0.27,34.2,1752273219644
0.0,0.0,0.291,34.2,1752273219746
0.0,0.0,0.312,34.2,1752273219770
0.0,0.0,0.312,34.2,1752273219876
0.0,0.0,0.312,34.2,1752273219913
0.0,0.0,0.312,34.2,1752273220012
0.0,0.0,0.312,34.2,1752273220050
31.7081241607666,-97.18956756591797,0.312,34.2,1752273220050
0.0,0.0,0.322,34.2,1752273220154
0.0,0.0,0.322,34.2,1752273220190
0.0,0.0,0.322,34.2,1752273220292
0.0,0.0,0.322,34.2,1752273220331
0.0,0.0,0.322,34.2,1752273220434
0.0,0.0,0.312,34.2,1752273220471
0.0,0.0,0.322,34.2,1752273220567
0.0,0.0,0.322,34.2,1752273220613
0.0,0.0,0.333,34.2,1752273220793
0.0,0.0,0.333,34.2,1752273220820
0.0,0.0,0.343,34.2,1752273220908
0.0,0.0,0.353,34.2,1752273221078
0.0,0.0,0.353,34.2,1752273221090
31.7081241607666,-97.18956756591797,0.353,34.2,1752273221090
0.0,0.0,0.364,34.2,1752273221101
0.0,0.0,0.385,34.2,1752273221171
0.0,0.0,0.385,34.2,1752273221283
0.0,0.0,0.395,34.2,1752273221310
0.0,0.0,0.395,34.2,1752273221419
0.0,0.0,0.395,34.2,1752273221451
0.0,0.0,0.395,34.2,1752273221553
0.0,0.0,0.395,34.2,1752273221590
0.0,0.0,0.426,34.2,1752273221692
0.0,0.0,0.426,34.2,1752273221733
0.0,0.0,0.416,34.2,1752273221834
0.0,0.0,0.416,34.2,1752273221873
0.0,0.0,0.405,34.2,1752273221972
0.0,0.0,0.395,34.2,1752273222010
0.0,0.0,0.395,34.2,1752273222102
31.70812225341797,-97.18955993652344,0.395,34.2,1752273222102
0.0,0.0,0.395,34.2,1752273222150
0.0,0.0,0.374,34.2,1752273222252
0.0,0.0,0.374,34.2,1752273222290
0.0,0.0,0.364,34.2,1752273222396
0.0,0.0,0.353,34.2,1752273222431
0.0,0.0,0.312,34.2,1752273222512
0.0,0.0,0.312,34.2,1752273222622
0.0,0.0,0.312,34.2,1752273222640
0.0,0.0,0.301,34.2,1752273222711
0.0,0.0,0.291,34.2,1752273222826
0.0,0.0,0.28,34.2,1752273222850
0.0,0.0,0.27,34.2,1752273222953
0.0,0.0,0.27,34.2,1752273222990
0.0,0.0,0.26,34.2,1752273223092
31.70812225341797,-97.1895523071289,0.26,34.2,1752273223092
0.0,0.0,0.26,34.2,1752273223132
0.0,0.0,0.26,34.2,1752273223229
0.0,0.0,0.28,34.2,1752273223270
0.0,0.0,0.301,34.2,1752273223372
0.0,0.0,0.291,34.2,1752273223410
0.0,0.0,0.301,34.2,1752273223515
0.0,0.0,0.301,34.2,1752273223550
0.0,0.0,0.291,34.2,1752273223638
0.0,0.0,0.291,34.2,1752273223745
0.0,0.0,0.28,34.2,1752273223761
0.0,0.0,0.28,34.2,1752273223948
0.0,0.0,0.291,34.2,1752273223952
0.0,0.0,0.28,34.2,1752273224080
31.70812225341797,-97.18954467773438,0.28,34.2,1752273224080
0.0,0.0,0.26,34.2,1752273224112
0.0,0.0,0.249,34.4,1752273224181
0.0,0.0,0.239,34.4,1752273224289
0.0,0.0,0.228,34.4,1752273224394
0.0,0.0,0.239,34.4,1752273224461
0.0,0.0,0.239,34.4,1752273224562
0.0,0.0,0.26,34.4,1752273224603
0.0,0.0,0.27,34.4,1752273224704
0.0,0.0,0.291,34.4,1752273224742
0.0,0.0,0.28,34.4,1752273224844
0.0,0.0,0.26,34.4,1752273224881
0.0,0.0,0.26,34.4,1752273224970
0.0,0.0,0.249,34.4,1752273225176
0.0,0.0,0.26,34.4,1752273225186
31.70812225341797,-97.18954467773438,0.26,34.4,1752273225186
0.0,0.0,0.26,34.4,1752273225276
0.0,0.0,0.26,34.4,1752273225301
0.0,0.0,0.27,34.4,1752273225403
0.0,0.0,0.26,34.4,1752273225441
0.0,0.0,0.239,34.4,1752273225546
0.0,0.0,0.228,34.4,1752273225581
0.0,0.0,0.249,34.4,1752273225685
0.0,0.0,0.28,34.4,1752273225722
0.0,0.0,0.312,34.4,1752273225823
0.0,0.0,0.322,34.4,1752273225861
0.0,0.0,0.343,34.4,1752273225966
0.0,0.0,0.353,34.4,1752273226001
0.0,0.0,0.364,34.4,1752273226096
31.70812225341797,-97.18954467773438,0.364,34.4,1752273226096
0.0,0.0,0.385,34.4,1752273226141
0.0,0.0,0.405,34.4,1752273226217
0.0,0.0,0.437,34.4,1752273226322
0.0,0.0,0.468,34.4,1752273226352
0.0,0.0,0.52,34.4,1752273226422
0.0,0.0,0.541,34.4,1752273226505
0.0,0.0,0.561,34.4,1752273226711
0.0,0.0,0.582,34.4,1752273226716
0.0,0.0,0.603,34.4,1752273226722
0.0,0.0,0.624,34.4,1752273226815
0.0,0.0,0.645,34.4,1752273226845
0.0,0.0,0.614,34.4,1752273226945
0.0,0.0,0.582,34.4,1752273227086
31.7081241607666,-97.18953704833984,0.582,34.4,1752273227086
0.0,0.0,0.561,34.4,1752273227121
0.0,0.0,0.52,34.4,1752273227191
0.0,0.0,0.478,34.4,1752273227298
0.0,0.0,0.426,34.4,1752273227334
0.0,0.0,0.437,34.4,1752273227427
0.0,0.0,0.426,34.4,1752273227472
0.0,0.0,0.447,34.4,1752273227577
0.0,0.0,0.447,34.4,1752273227612
0.0,0.0,0.457,34.4,1752273227718
0.0,0.0,0.478,34.4,1752273227753
0.0,0.0,0.551,34.4,1752273227855
0.0,0.0,0.624,34.4,1752273227892
0.0,0.0,0.697,34.4,1752273228000
0.0,0.0,0.77,34.4,1752273228032
0.0,0.0,0.863,34.4,1752273228142
31.7081241607666,-97.18953704833984,0.863,34.4,1752273228142
0.0,0.0,0.947,34.4,1752273228171
0.0,0.0,0.999,34.4,1752273228332
0.0,0.0,1.061,34.4,1752273228335
0.0,0.0,1.082,34.4,1752273228383
0.0,0.0,1.103,34.4,1752273228511
0.0,0.0,1.103,34.4,1752273228526
0.0,0.0,1.092,34.4,1752273228612
0.0,0.0,1.061,34.4,1752273228716
0.0,0.0,1.03,34.4,1752273228734
0.0,0.0,0.999,34.4,1752273228821
0.0,0.0,0.957,34.4,1752273228920
0.0,0.0,0.905,34.4,1752273228943
0.0,0.0,0.853,34.4,1752273229047
0.0,0.0,0.842,34.4,1752273229085
31.7081241607666,-97.18952941894531,0.842,34.4,1752273229085
0.0,0.0,0.842,34.4,1752273229154
0.0,0.0,0.895,34.4,1752273229252
0.0,0.0,0.967,34.4,1752273229294
0.0,0.0,1.04,34.4,1752273229367
0.0,0.0,1.123,34.4,1752273229486
0.0,0.0,1.196,34.4,1752273229503
0.0,0.0,1.248,34.4,1752273229605
0.0,0.0,1.28,34.4,1752273229642
0.0,0.0,1.342,34.4,1752273229745
0.0,0.0,1.384,34.4,1752273229783
0.0,0.0,1.446,34.4,1752273229885
0.0,0.0,1.509,34.4,1752273229923
0.0,0.0,1.54,34.4,1752273230027
0.0,0.0,1.561,34.4,1752273230063
31.708127975463867,-97.18952178955078,1.561,34.4,1752273230063
0.0,0.0,1.571,34.4,1752273230238
0.0,0.0,1.571,34.4,1752273230249
0.0,0.0,1.581,34.4,1752273230274
0.0,0.0,1.581,34.4,1752273230348
0.0,0.0,1.602,34.4,1752273230501
0.0,0.0,1.633,34.4,1752273230506
0.0,0.0,1.654,34.4,1752273230604
0.0,0.0,1.665,34.4,1752273230635
0.0,0.0,1.675,34.4,1752273230727
0.0,0.0,1.685,34.4,1752273230765
0.0,0.0,1.706,34.4,1752273230866
0.0,0.0,1.737,34.4,1752273230906
0.0,0.0,1.758,34.4,1752273231014
0.0,0.0,1.79,34.4,1752273231052
31.708131790161133,-97.18952178955078,1.79,34.4,1752273231052
0.0,0.0,1.8,34.4,1752273231151
0.0,0.0,1.79,34.4,1752273231287
0.0,0.0,1.758,34.4,1752273231324
0.0,0.0,1.717,34.4,1752273231422
0.0,0.0,1.685,34.4,1752273231467
0.0,0.0,1.633,34.4,1752273231568
0.0,0.0,1.592,34.4,1752273231605
0.0,0.0,1.571,34.4,1752273231710
0.0,0.0,1.55,34.4,1752273231790
0.0,0.0,1.446,34.4,1752273232169
31.708133697509766,-97.18951416015625,1.446,34.4,1752273232169
0.0,0.0,1.342,34.4,1752273232270
0.0,0.0,1.342,34.4,1752273232303
0.0,0.0,1.311,34.4,1752273232443
0.0,0.0,1.217,34.4,1752273232544
0.0,0.0,1.155,34.4,1752273232689
0.0,0.0,1.175,34.4,1752273232723
0.0,0.0,1.186,34.4,1752273232831
0.0,0.0,1.207,34.4,1752273232870
0.0,0.0,1.238,34.4,1752273232957
0.0,0.0,1.238,34.4,1752273233002
0.0,0.0,1.238,34.4,1752273233111
31.70813751220703,-97.18950653076172,1.238,34.4,1752273233111
0.0,0.0,1.332,34.4,1752273233145
0.0,0.0,1.456,34.4,1752273233469
0.0,0.0,1.446,34.4,1752273233492
0.0,0.0,1.477,34.4,1752273233596
0.0,0.0,1.592,34.4,1752273233635
0.0,0.0,1.685,34.4,1752273233732
0.0,0.0,1.665,34.4,1752273233816
0.0,0.0,1.644,34.4,1752273233846
0.0,0.0,1.602,34.4,1752273233922
0.0,0.0,1.561,34.4,1752273234086
0.0,0.0,1.498,34.4,1752273234093
31.70813751220703,-97.18950653076172,1.498,34.4,1752273234093
0.0,0.0,1.436,34.4,1752273234123
0.0,0.0,1.342,34.4,1752273234234
0.0,0.0,1.228,34.4,1752273234263
0.0,0.0,1.186,34.4,1752273234369
0.0,0.0,1.113,34.4,1752273234410
0.0,0.0,0.999,34.4,1752273234499
0.0,0.0,0.895,34.4,1752273234542
0.0,0.0,0.842,34.4,1752273234685
0.0,0.0,0.79,34.4,1752273234794
0.0,0.0,0.801,34.4,1752273234823
0.0,0.0,0.811,34.4,1752273234927
0.0,0.0,0.811,34.4,1752273234965
0.0,0.0,0.842,34.4,1752273235074
0.0,0.0,0.905,34.4,1752273235103
31.708139419555664,-97.18949890136719,0.905,34.4,1752273235103
0.0,0.0,0.947,34.4,1752273235207
0.0,0.0,0.957,34.4,1752273235242
0.0,0.0,0.957,34.4,1752273235343
0.0,0.0,0.957,34.4,1752273235382
0.0,0.0,0.947,34.4,1752273235484
0.0,0.0,0.957,34.4,1752273235522
0.0,0.0,0.978,34.4,1752273235619
0.0,0.0,1.009,34.4,1752273235705
0.0,0.0,1.019,34.4,1752273235735
0.0,0.0,1.019,34.4,1752273235817
0.0,0.0,1.019,34.4,1752273235890
0.0,0.0,1.019,34.4,1752273236034
0.0,0.0,1.04,34.4,1752273236040
0.0,0.0,1.082,34.4,1752273236085
31.708141326904297,-97.18949127197266,1.082,34.4,1752273236085
0.0,0.0,1.113,34.4,1752273236161
0.0,0.0,1.155,34.4,1752273236223
0.0,0.0,1.196,34.4,1752273236344
0.0,0.0,1.238,34.4,1752273236363
0.0,0.0,1.217,34.4,1752273236467
0.0,0.0,1.238,34.4,1752273236503
0.0,0.0,1.259,34.4,1752273236610
0.0,0.0,1.29,34.4,1752273236643
0.0,0.0,1.311,34.4,1752273236750
0.0,0.0,1.332,34.4,1752273236785
0.0,0.0,1.332,34.4,1752273236886
0.0,0.0,1.352,34.4,1752273236925
0.0,0.0,1.363,34.4,1752273237026
0.0,0.0,1.384,34.4,1752273237066
31.708145141601562,-97.18949127197266,1.384,34.4,1752273237066
0.0,0.0,1.404,34.4,1752273237157
0.0,0.0,1.394,34.4,1752273237204
0.0,0.0,1.467,34.4,1752273237308
0.0,0.0,1.498,34.4,1752273237344
0.0,0.0,1.54,34.4,1752273237540
0.0,0.0,1.561,34.4,1752273237542
0.0,0.0,1.561,34.4,1752273237557
0.0,0.0,1.602,34.4,1752273237647
0.0,0.0,1.633,34.4,1752273237694
0.0,0.0,1.665,34.4,1752273237799
0.0,0.0,1.696,34.4,1752273237835
0.0,0.0,1.706,34.4,1752273237939
0.0,0.0,1.706,34.4,1752273237976
0.0,0.0,1.748,34.4,1752273238081
31.708148956298828,-97.18949127197266,1.748,34.4,1752273238081
0.0,0.0,1.748,34.4,1752273238114
0.0,0.0,1.748,34.4,1752273238218
0.0,0.0,1.769,34.4,1752273238255
0.0,0.0,1.81,34.4,1752273238362
0.0,0.0,1.873,34.4,1752273238394
0.0,0.0,1.894,34.4,1752273238491
0.0,0.0,1.925,34.4,1752273238541
0.0,0.0,1.956,34.4,1752273238638
0.0,0.0,1.987,34.4,1752273238677
0.0,0.0,2.029,34.4,1752273238777
0.0,0.0,2.06,34.4,1752273238815
0.0,0.0,2.06,34.4,1752273238918
0.0,0.0,2.091,34.4,1752273238954
0.0,0.0,2.154,34.4,1752273239059
0.0,0.0,2.195,34.4,1752273239155
31.70815086364746,-97.18948364257812,2.195,34.4,1752273239155
0.0,0.0,2.216,34.4,1752273239164
0.0,0.0,2.227,34.4,1752273239256
0.0,0.0,2.247,34.4,1752273239307
0.0,0.0,2.268,34.4,1752273239375
0.0,0.0,2.32,34.4,1752273239480
0.0,0.0,2.362,34.4,1752273239517
0.0,0.0,2.393,34.4,1752273239615
0.0,0.0,2.414,34.4,1752273239656
0.0,0.0,2.487,34.4,1752273239759
0.0,0.0,2.539,34.4,1752273239795
0.0,0.0,2.539,34.4,1752273239898
0.0,0.0,2.58,34.4,1752273239935
0.0,0.0,2.601,34.4,1752273240026
0.0,0.0,2.632,34.4,1752273240077
31.708152770996094,-97.1894760131836,2.632,34.4,1752273240077
0.0,0.0,2.685,34.4,1752273240229
0.0,0.0,2.716,34.4,1752273240239
0.0,0.0,2.726,34.4,1752273240331
0.0,0.0,2.737,34.4,1752273240356
0.0,0.0,2.768,34.4,1752273240459
0.0,0.0,2.778,34.4,1752273240497
0.0,0.0,2.789,34.4,1752273240600
0.0,0.0,2.799,34.4,1752273240636
0.0,0.0,2.809,34.4,1752273240743
0.0,0.0,2.82,34.4,1752273240779
0.0,0.0,2.841,34.4,1752273240880
0.0,0.0,2.851,34.4,1752273240916
0.0,0.0,2.851,34.4,1752273241020
0.0,0.0,2.861,34.4,1752273241063
31.70815658569336,-97.18946838378906,2.861,34.4,1752273241063
0.0,0.0,2.882,34.4,1752273241150
0.0,0.0,2.893,34.4,1752273241229
0.0,0.0,2.893,34.4,1752273241268
0.0,0.0,2.913,34.4,1752273241338
0.0,0.0,2.924,34.4,1752273241457
0.0,0.0,2.945,34.4,1752273241476
0.0,0.0,2.965,34.4,1752273241559
0.0,0.0,2.976,34.4,1752273241663
0.0,0.0,2.986,34.4,1752273241686
0.0,0.0,2.986,34.4,1752273241789
0.0,0.0,3.007,34.4,1752273241826
0.0,0.0,3.018,34.4,1752273241932
0.0,0.0,3.018,34.4,1752273241966
0.0,0.0,3.028,34.4,1752273242069
0.0,0.0,3.028,34.4,1752273242110
31.708160400390625,-97.18946838378906,3.028,34.4,1752273242110
0.0,0.0,3.038,34.2,1752273242179
0.0,0.0,3.059,34.2,1752273242278
0.0,0.0,3.07,34.2,1752273242319
0.0,0.0,3.07,34.2,1752273242424
0.0,0.0,3.08,34.2,1752273242455
0.0,0.0,3.08,34.2,1752273242564
0.0,0.0,3.09,34.2,1752273242598
0.0,0.0,3.101,34.2,1752273242693
0.0,0.0,3.111,34.2,1752273242738
0.0,0.0,3.122,34.2,1752273242890
0.0,0.0,3.122,34.2,1752273242893
0.0,0.0,3.132,34.2,1752273242994
0.0,0.0,3.142,34.2,1752273243075
0.0,0.0,3.153,34.2,1752273243088
31.70816421508789,-97.18946075439453,3.153,34.2,1752273243088
0.0,0.0,3.142,34.2,1752273243183
0.0,0.0,3.153,34.2,1752273243226
0.0,0.0,3.163,34.2,1752273243297
0.0,0.0,3.174,34.2,1752273243401
0.0,0.0,3.174,34.2,1752273243439
0.0,0.0,3.174,34.2,1752273243539
0.0,0.0,3.184,34.2,1752273243578
0.0,0.0,3.194,34.2,1752273243679
0.0,0.0,3.194,34.2,1752273243718
0.0,0.0,3.215,34.2,1752273243813
0.0,0.0,3.226,34.2,1752273243857
0.0,0.0,3.236,34.2,1752273243962
0.0,0.0,3.236,34.2,1752273243997
0.0,0.0,3.246,34.2,1752273244111
31.70816421508789,-97.18946075439453,3.246,34.2,1752273244111
0.0,0.0,3.246,34.2,1752273244143
0.0,0.0,3.257,34.2,1752273244221
0.0,0.0,3.257,34.2,1752273244331
0.0,0.0,3.267,34.2,1752273244346
0.0,0.0,3.267,34.2,1752273244531
0.0,0.0,3.278,34.2,1752273244535
0.0,0.0,3.267,34.2,1752273244556
0.0,0.0,3.278,34.2,1752273244661
0.0,0.0,3.278,34.2,1752273244696
0.0,0.0,3.288,34.2,1752273244799
0.0,0.0,3.299,34.2,1752273244907
0.0,0.0,3.299,34.2,1752273244977
0.0,0.0,3.309,34.2,1752273245156
31.708168029785156,-97.189453125,3.309,34.2,1752273245156
0.0,0.0,3.319,34.2,1752273245172
0.0,0.0,3.33,34.2,1752273245187
0.0,0.0,3.33,34.2,1752273245290
0.0,0.0,3.351,34.2,1752273245328
0.0,0.0,3.361,34.2,1752273245430
0.0,0.0,3.371,34.2,1752273245466
0.0,0.0,3.371,34.2,1752273245560
0.0,0.0,3.382,34.2,1752273245660
0.0,0.0,3.392,34.2,1752273245677
0.0,0.0,3.413,34.2,1752273245864
0.0,0.0,3.413,34.2,1752273245873
0.0,0.0,3.423,34.2,1752273245890
0.0,0.0,3.434,34.2,1752273245992
0.0,0.0,3.434,34.2,1752273246028
0.0,0.0,3.444,34.2,1752273246138
31.708171844482422,-97.189453125,3.444,34.2,1752273246138
0.0,0.0,3.455,34.2,1752273246168
0.0,0.0,3.465,34.2,1752273246271
0.0,0.0,3.475,34.2,1752273246307
0.0,0.0,3.486,34.2,1752273246408
0.0,0.0,3.496,34.2,1752273246447
0.0,0.0,3.507,34.2,1752273246573
0.0,0.0,3.507,34.2,1752273246648
0.0,0.0,3.517,34.2,1752273246657
0.0,0.0,3.527,34.2,1752273246755
0.0,0.0,3.538,34.2,1752273246798
0.0,0.0,3.548,34.2,1752273246866
0.0,0.0,3.538,34.2,1752273246975
0.0,0.0,3.548,34.2,1752273247006
0.0,0.0,3.559,34.2,1752273247112
31.708173751831055,-97.18944549560547,3.559,34.2,1752273247112
0.0,0.0,3.559,34.2,1752273247149
0.0,0.0,3.559,34.2,1752273247248
0.0,0.0,3.559,34.2,1752273247290
0.0,0.0,3.559,34.2,1752273247396
0.0,0.0,3.569,34.2,1752273247427
0.0,0.0,3.58,34.2,1752273247529
0.0,0.0,3.59,34.2,1752273247566
0.0,0.0,3.59,34.2,1752273247668
0.0,0.0,3.59,34.2,1752273247707
0.0,0.0,3.6,34.2,1752273247815
0.0,0.0,3.6,34.2,1752273247854
0.0,0.0,3.6,34.2,1752273247957
0.0,0.0,3.611,34.2,1752273247988
0.0,0.0,3.611,34.2,1752273248105
31.708175659179688,-97.18944549560547,3.611,34.2,1752273248105
0.0,0.0,3.621,34.2,1752273248131
0.0,0.0,3.632,34.4,1752273248199
0.0,0.0,3.632,34.4,1752273248267
0.0,0.0,3.632,34.4,1752273248434
0.0,0.0,3.632,34.4,1752273248436
0.0,0.0,3.632,34.4,1752273248479
0.0,0.0,3.642,34.4,1752273248606
0.0,0.0,3.652,34.4,1752273248619
0.0,0.0,3.652,34.4,1752273248768
0.0,0.0,3.673,34.4,1752273248773
0.0,0.0,3.673,34.4,1752273248884
0.0,0.0,3.684,34.4,1752273248899
0.0,0.0,3.694,34.4,1752273248987
0.0,0.0,3.694,34.4,1752273249089
31.70817756652832,-97.18943786621094,3.694,34.4,1752273249089
0.0,0.0,3.694,34.4,1752273249121
0.0,0.0,3.715,34.4,1752273249195
0.0,0.0,3.715,34.4,1752273249296
0.0,0.0,3.725,34.4,1752273249317
0.0,0.0,3.725,34.4,1752273249427
0.0,0.0,3.736,34.4,1752273249458
0.0,0.0,3.736,34.4,1752273249570
0.0,0.0,3.746,34.4,1752273249599
0.0,0.0,3.746,34.4,1752273249705
0.0,0.0,3.756,34.4,1752273249742
0.0,0.0,3.767,34.4,1752273249842
0.0,0.0,3.767,34.4,1752273249880
0.0,0.0,3.777,34.4,1752273249982
0.0,0.0,3.788,34.4,1752273250026
0.0,0.0,3.788,34.4,1752273250131
31.70817756652832,-97.18943786621094,3.788,34.4,1752273250131
0.0,0.0,3.798,34.4,1752273250161
0.0,0.0,3.808,34.4,1752273250265
0.0,0.0,3.819,34.4,1752273250305
0.0,0.0,3.819,34.4,1752273250481
0.0,0.0,3.819,34.4,1752273250483
0.0,0.0,3.84,34.4,1752273250510
0.0,0.0,3.829,34.4,1752273250595
0.0,0.0,3.84,34.4,1752273250779
0.0,0.0,3.829,34.4,1752273250782
0.0,0.0,3.84,34.4,1752273250791
0.0,0.0,3.85,34.4,1752273250879
0.0,0.0,3.84,34.4,1752273250981
0.0,0.0,3.85,34.4,1752273251000
0.0,0.0,3.85,34.4,1752273251169
31.708179473876953,-97.1894302368164,3.85,34.4,1752273251169
0.0,0.0,3.861,34.2,1752273251175
0.0,0.0,3.85,34.2,1752273251210
0.0,0.0,3.871,34.2,1752273251325
0.0,0.0,3.861,34.2,1752273251361
0.0,0.0,3.881,34.2,1752273251460
0.0,0.0,3.881,34.2,1752273251491
0.0,0.0,3.892,34.2,1752273251594
0.0,0.0,3.892,34.2,1752273251630
0.0,0.0,3.902,34.2,1752273251733
0.0,0.0,3.902,34.2,1752273251770
0.0,0.0,3.923,34.2,1752273251872
0.0,0.0,3.923,34.2,1752273251912
0.0,0.0,3.933,34.2,1752273252006
0.0,0.0,3.944,34.2,1752273252051
31.70818328857422,-97.1894302368164,3.944,34.2,1752273252051
0.0,0.0,3.954,34.2,1752273252154
0.0,0.0,3.954,34.2,1752273252191
0.0,0.0,3.965,34.2,1752273252293
0.0,0.0,3.965,34.2,1752273252331
0.0,0.0,3.975,34.2,1752273252434
0.0,0.0,3.985,34.2,1752273252473
0.0,0.0,3.985,34.2,1752273252547
0.0,0.0,3.996,34.2,1752273252618
0.0,0.0,3.996,34.2,1752273252722
0.0,0.0,4.006,34.2,1752273252752
0.0,0.0,4.006,34.2,1752273252855
0.0,0.0,3.996,34.2,1752273252893
0.0,0.0,3.996,34.2,1752273252993
0.0,0.0,4.006,34.2,1752273253031
0.0,0.0,3.996,34.2,1752273253140
31.708187103271484,-97.18942260742188,3.996,34.2,1752273253140
0.0,0.0,4.006,34.2,1752273253172
0.0,0.0,3.996,34.2,1752273253275
0.0,0.0,4.006,34.2,1752273253311
0.0,0.0,4.006,34.2,1752273253414
0.0,0.0,4.017,34.2,1752273253451
0.0,0.0,4.037,34.2,1752273253550
0.0,0.0,4.037,34.2,1752273253595
0.0,0.0,4.058,34.2,1752273253747
0.0,0.0,4.058,34.2,1752273253753
0.0,0.0,4.079,34.2,1752273253803
0.0,0.0,4.079,34.2,1752273253951
0.0,0.0,4.1,34.2,1752273253957
0.0,0.0,4.1,34.2,1752273254031
0.0,0.0,4.11,34.2,1752273254087
31.708189010620117,-97.18941497802734,4.11,34.2,1752273254087
0.0,0.0,4.121,34.4,1752273254156
0.0,0.0,4.121,34.4,1752273254232
0.0,0.0,4.131,34.4,1752273254362
0.0,0.0,4.131,34.4,1752273254366
0.0,0.0,4.131,34.4,1752273254461
0.0,0.0,4.141,34.4,1752273254500
0.0,0.0,4.152,34.4,1752273254602
0.0,0.0,4.152,34.4,1752273254655
0.0,0.0,4.162,34.4,1752273254748
0.0,0.0,4.162,34.4,1752273254782
0.0,0.0,4.173,34.4,1752273254871
0.0,0.0,4.183,34.4,1752273254921
0.0,0.0,4.194,34.4,1752273255025
0.0,0.0,4.214,34.4,1752273255068
31.70819091796875,-97.18940734863281,4.214,34.4,1752273255068
0.0,0.0,4.204,34.4,1752273255163
0.0,0.0,4.214,34.4,1752273255202
0.0,0.0,4.225,34.4,1752273255306
0.0,0.0,4.235,34.4,1752273255342
0.0,0.0,4.235,34.4,1752273255445
0.0,0.0,4.246,34.4,1752273255480
0.0,0.0,4.246,34.4,1752273255587
0.0,0.0,4.246,34.4,1752273255622
0.0,0.0,4.256,34.4,1752273255726
0.0,0.0,4.277,34.4,1752273255764
0.0,0.0,4.266,34.4,1752273255865
0.0,0.0,4.277,34.4,1752273255903
0.0,0.0,4.287,34.4,1752273255977
0.0,0.0,4.298,34.4,1752273256041
0.0,0.0,4.298,34.4,1752273256214
31.708192825317383,-97.18940734863281,4.298,34.4,1752273256214
0.0,0.0,4.308,34.4,1752273256216
0.0,0.0,4.308,34.4,1752273256255
0.0,0.0,4.318,34.4,1752273256354
0.0,0.0,4.318,34.4,1752273256391
0.0,0.0,4.329,34.4,1752273256494
0.0,0.0,4.339,34.4,1752273256532
0.0,0.0,4.329,34.4,1752273256634
0.0,0.0,4.339,34.4,1752273256671
0.0,0.0,4.339,34.4,1752273256785
0.0,0.0,4.339,34.4,1752273256819
0.0,0.0,4.339,34.4,1752273256926
0.0,0.0,4.35,34.4,1752273256952
0.0,0.0,4.36,34.4,1752273257055
0.0,0.0,4.37,34.4,1752273257098
31.70819664001465,-97.18939971923828,4.37,34.4,1752273257098
0.0,0.0,4.37,34.2,1752273257165
0.0,0.0,4.381,34.2,1752273257331
0.0,0.0,4.381,34.2,1752273257339
0.0,0.0,4.391,34.2,1752273257374
0.0,0.0,4.402,34.2,1752273257480
0.0,0.0,4.402,34.2,1752273257511
0.0,0.0,4.412,34.2,1752273257615
0.0,0.0,4.422,34.2,1752273257655
0.0,0.0,4.422,34.2,1752273257738
0.0,0.0,4.433,34.2,1752273257791
0.0,0.0,4.433,34.2,1752273257866
0.0,0.0,4.443,34.2,1752273257938
0.0,0.0,4.443,34.2,1752273258002
0.0,0.0,4.454,34.2,1752273258158
31.70819854736328,-97.18939208984375,4.454,34.2,1752273258158
0.0,0.0,4.454,34.2,1752273258160
0.0,0.0,4.464,34.2,1752273258353
0.0,0.0,4.454,34.2,1752273258357
0.0,0.0,4.454,34.2,1752273258360
0.0,0.0,4.464,34.2,1752273258456
0.0,0.0,4.475,34.2,1752273258491
0.0,0.0,4.475,34.2,1752273258595
0.0,0.0,4.475,34.2,1752273258637
0.0,0.0,4.485,34.2,1752273258737
0.0,0.0,4.485,34.2,1752273258772
0.0,0.0,4.475,34.2,1752273258868
0.0,0.0,4.485,34.2,1752273258913
0.0,0.0,4.485,34.2,1752273259017
0.0,0.0,4.485,34.2,1752273259057
0.0,0.0,4.495,34.2,1752273259162
31.70819854736328,-97.18938446044922,4.495,34.2,1752273259162
0.0,0.0,4.495,34.2,1752273259191
0.0,0.0,4.506,34.2,1752273259297
0.0,0.0,4.495,34.2,1752273259332
0.0,0.0,4.506,34.2,1752273259435
0.0,0.0,4.506,34.2,1752273259471
0.0,0.0,4.506,34.2,1752273259580
0.0,0.0,4.527,34.2,1752273259611
0.0,0.0,4.527,34.2,1752273259714
0.0,0.0,4.537,34.2,1752273259755
0.0,0.0,4.547,34.2,1752273259941
0.0,0.0,4.547,34.2,1752273259944
0.0,0.0,4.547,34.2,1752273259961
0.0,0.0,4.558,34.2,1752273260044
0.0,0.0,4.547,34.2,1752273260170
31.708202362060547,-97.18937683105469,4.547,34.2,1752273260170
0.0,0.0,4.558,34.2,1752273260179
0.0,0.0,4.568,34.2,1752273260285
0.0,0.0,4.579,34.2,1752273260312
0.0,0.0,4.579,34.2,1752273260403
0.0,0.0,4.589,34.2,1752273260451
0.0,0.0,4.589,34.2,1752273260560
0.0,0.0,4.599,34.2,1752273260596
0.0,0.0,4.599,34.2,1752273260694
0.0,0.0,4.61,34.2,1752273260732
0.0,0.0,4.62,34.2,1752273260833
0.0,0.0,4.61,34.2,1752273260871
0.0,0.0,4.631,34.2,1752273260975
0.0,0.0,4.62,34.2,1752273261011
0.0,0.0,4.631,34.2,1752273261118
31.708202362060547,-97.18937683105469,4.631,34.2,1752273261118
0.0,0.0,4.641,34.2,1752273261152
0.0,0.0,4.641,34.2,1752273261259
0.0,0.0,4.651,34.2,1752273261292
0.0,0.0,4.651,34.2,1752273261396
0.0,0.0,4.662,34.2,1752273261432
0.0,0.0,4.651,34.2,1752273261626
0.0,0.0,4.651,34.2,1752273261633
0.0,0.0,4.662,34.2,1752273261642
0.0,0.0,4.662,34.2,1752273261722
0.0,0.0,4.672,34.2,1752273261837
0.0,0.0,4.672,34.2,1752273261852
0.0,0.0,4.683,34.2,1752273261937
0.0,0.0,4.672,34.2,1752273262041
0.0,0.0,4.672,34.2,1752273262064
31.70820426940918,-97.18936920166016,4.672,34.2,1752273262064
0.0,0.0,4.672,34.2,1752273262246
0.0,0.0,4.672,34.2,1752273262250
0.0,0.0,4.683,34.2,1752273262275
0.0,0.0,4.672,34.2,1752273262384
0.0,0.0,4.683,34.2,1752273262412
0.0,0.0,4.693,34.2,1752273262513
0.0,0.0,4.683,34.2,1752273262552
0.0,0.0,4.693,34.2,1752273262656
0.0,0.0,4.693,34.2,1752273262693
0.0,0.0,4.693,34.2,1752273262794
0.0,0.0,4.693,34.2,1752273262832
0.0,0.0,4.693,34.2,1752273262934
0.0,0.0,4.703,34.2,1752273262972
0.0,0.0,4.714,34.2,1752273263064
0.0,0.0,4.714,34.2,1752273263112
31.708206176757812,-97.18936157226562,4.714,34.2,1752273263112
0.0,0.0,4.714,34.2,1752273263182
0.0,0.0,4.714,34.2,1752273263288
0.0,0.0,4.714,34.2,1752273263323
0.0,0.0,4.714,34.2,1752273263512
0.0,0.0,4.714,34.2,1752273263514
0.0,0.0,4.714,34.2,1752273263535
0.0,0.0,4.714,34.2,1752273263615
0.0,0.0,4.714,34.2,1752273263782
0.0,0.0,4.714,34.2,1752273263786
0.0,0.0,4.714,34.2,1752273263815
0.0,0.0,4.714,34.2,1752273263919
0.0,0.0,4.703,34.2,1752273263953
0.0,0.0,4.724,34.2,1752273264058
0.0,0.0,4.724,34.2,1752273264096
31.708208084106445,-97.1893539428711,4.724,34.2,1752273264096
0.0,0.0,4.724,34.2,1752273264192
0.0,0.0,4.724,34.2,1752273264233
0.0,0.0,4.724,34.2,1752273264336
0.0,0.0,4.735,34.2,1752273264373
0.0,0.0,4.745,34.2,1752273264478
0.0,0.0,4.745,34.2,1752273264516
0.0,0.0,4.745,34.2,1752273264600
0.0,0.0,4.735,34.2,1752273264703
0.0,0.0,4.756,34.2,1752273264723
0.0,0.0,4.756,34.2,1752273264911
0.0,0.0,4.756,34.2,1752273264919
0.0,0.0,4.756,34.2,1752273264931
0.0,0.0,4.766,34.2,1752273265036
0.0,0.0,4.766,34.2,1752273265072
31.708209991455078,-97.18934631347656,4.766,34.2,1752273265072
0.0,0.0,4.766,34.2,1752273265175
0.0,0.0,4.766,34.2,1752273265214
0.0,0.0,4.776,34.2,1752273265408
0.0,0.0,4.776,34.2,1752273265418
0.0,0.0,4.776,34.2,1752273265423
0.0,0.0,4.776,34.2,1752273265500
0.0,0.0,4.776,34.2,1752273265626
0.0,0.0,4.766,34.2,1752273265635
0.0,0.0,4.776,34.2,1752273265737
0.0,0.0,4.776,34.2,1752273265775
0.0,0.0,4.776,34.2,1752273265883
0.0,0.0,4.776,34.2,1752273265919
0.0,0.0,4.766,34.2,1752273266016
0.0,0.0,4.766,34.2,1752273266054
31.708213806152344,-97.18934631347656,4.766,34.2,1752273266054
0.0,0.0,4.766,34.2,1752273266155
0.0,0.0,4.766,34.2,1752273266193
0.0,0.0,4.756,34.2,1752273266299
0.0,0.0,4.776,34.2,1752273266335
0.0,0.0,4.776,34.2,1752273266443
0.0,0.0,4.776,34.2,1752273266473
0.0,0.0,4.776,34.2,1752273266582
0.0,0.0,4.776,34.2,1752273266613
0.0,0.0,4.787,34.2,1752273266714
0.0,0.0,4.787,34.2,1752273266753
0.0,0.0,4.797,34.2,1752273266858
0.0,0.0,4.797,34.2,1752273266895
0.0,0.0,4.808,34.2,1752273266997
0.0,0.0,4.808,34.2,1752273267034
0.0,0.0,4.818,34.2,1752273267128
31.708215713500977,-97.18933868408203,4.818,34.2,1752273267128
0.0,0.0,4.818,34.2,1752273267242
0.0,0.0,4.818,34.2,1752273267247
0.0,0.0,4.828,34.2,1752273267368
0.0,0.0,4.818,34.2,1752273267383
0.0,0.0,4.839,34.2,1752273267572
0.0,0.0,4.839,34.2,1752273267575
0.0,0.0,4.828,34.2,1752273267593
0.0,0.0,4.828,34.2,1752273267702
0.0,0.0,4.818,34.2,1752273267734
0.0,0.0,4.818,34.2,1752273267839
0.0,0.0,4.808,34.2,1752273267873
0.0,0.0,4.808,34.2,1752273267979
0.0,0.0,4.797,34.2,1752273268013
0.0,0.0,4.787,34.2,1752273268124
31.708219528198242,-97.18933868408203,4.787,34.2,1752273268124
0.0,0.0,4.797,34.2,1752273268155
0.0,0.0,4.787,34.2,1752273268243
0.0,0.0,4.797,34.2,1752273268341
0.0,0.0,4.797,34.2,1752273268362
0.0,0.0,4.797,34.2,1752273268467
0.0,0.0,4.797,34.2,1752273268503
0.0,0.0,4.808,34.2,1752273268647
0.0,0.0,4.808,34.2,1752273268652
0.0,0.0,4.828,34.2,1752273268752
0.0,0.0,4.839,34.2,1752273268787
0.0,0.0,4.849,34.2,1752273268919
0.0,0.0,4.849,34.2,1752273268926
0.0,0.0,4.849,34.2,1752273269015
0.0,0.0,4.849,34.2,1752273269091
31.708223342895508,-97.1893310546875,4.849,34.2,1752273269091
0.0,0.0,4.849,34.2,1752273269133
0.0,0.0,4.849,34.2,1752273269202
0.0,0.0,4.839,34.2,1752273269283
0.0,0.0,4.839,34.2,1752273269345
0.0,0.0,4.839,34.2,1752273269414
0.0,0.0,4.839,34.2,1752273269483
0.0,0.0,4.828,34.2,1752273269552
0.0,0.0,4.818,34.2,1752273269627
0.0,0.0,4.808,34.2,1752273269696
0.0,0.0,4.808,34.2,1752273269764
0.0,0.0,4.808,34.2,1752273269835
0.0,0.0,4.797,34.2,1752273269903
0.0,0.0,4.797,34.2,1752273269978
0.0,0.0,4.797,34.2,1752273270055
0.0,0.0,4.808,34.2,1752273270115
0.0,0.0,4.808,34.2,1752273270184
0.0,0.0,4.808,34.2,1752273270258
31.708229064941406,-97.1893310546875,4.808,34.2,1752273270258
0.0,0.0,4.818,34.2,1752273270324
0.0,0.0,4.818,34.2,1752273270394
0.0,0.0,4.828,34.2,1752273270463
0.0,0.0,4.839,34.2,1752273270533
0.0,0.0,4.849,34.2,1752273270606
0.0,0.0,4.86,34.2,1752273270674
0.0,0.0,4.86,34.2,1752273270744
0.0,0.0,4.87,34.2,1752273270812
0.0,0.0,4.87,34.2,1752273270883
0.0,0.0,4.849,34.2,1752273270952
0.0,0.0,4.849,34.2,1752273271025
0.0,0.0,4.849,34.2,1752273271096
0.0,0.0,4.839,34.2,1752273271164
0.0,0.0,4.849,34.2,1752273271232
31.708232879638672,-97.18932342529297,4.849,34.2,1752273271232
0.0,0.0,4.839,34.2,1752273271303
0.0,0.0,4.828,34.2,1752273271374
0.0,0.0,4.818,34.2,1752273271445
0.0,0.0,4.808,34.2,1752273271513
0.0,0.0,4.808,34.2,1752273271583
0.0,0.0,4.808,34.2,1752273271652
0.0,0.0,4.808,34.2,1752273271723
0.0,0.0,4.808,34.2,1752273271794
0.0,0.0,4.808,34.2,1752273271863
0.0,0.0,4.808,34.2,1752273271932
0.0,0.0,4.818,34.2,1752273272006
0.0,0.0,4.808,34.2,1752273272076
0.0,0.0,4.808,34.2,1752273272143
0.0,0.0,4.808,34.2,1752273272213
31.708234786987305,-97.18931579589844,4.808,34.2,1752273272213
0.0,0.0,4.818,34.2,1752273272283
0.0,0.0,4.818,34.2,1752273272356
0.0,0.0,4.818,34.2,1752273272426
0.0,0.0,4.808,34.2,1752273272495
0.0,0.0,4.818,34.2,1752273272565
0.0,0.0,4.808,34.2,1752273272636
0.0,0.0,4.818,34.2,1752273272704
0.0,0.0,4.808,34.2,1752273272775
0.0,0.0,4.797,34.2,1752273272843
0.0,0.0,4.808,34.2,1752273272915
0.0,0.0,4.808,34.2,1752273272983
0.0,0.0,4.818,34.2,1752273273053
0.0,0.0,4.818,34.2,1752273273123
0.0,0.0,4.818,34.2,1752273273196
0.0,0.0,4.818,34.2,1752273273268
31.708236694335938,-97.1893081665039,4.818,34.2,1752273273268
0.0,0.0,4.818,34.2,1752273273333
0.0,0.0,4.808,34.2,1752273273403
0.0,0.0,4.808,34.2,1752273273473
0.0,0.0,4.797,34.2,1752273273543
0.0,0.0,4.797,34.2,1752273273615
0.0,0.0,4.797,34.2,1752273273684
0.0,0.0,4.797,34.2,1752273273753
0.0,0.0,4.797,34.2,1752273273823
0.0,0.0,4.787,34.2,1752273273892
0.0,0.0,4.787,34.2,1752273273971
0.0,0.0,4.776,34.2,1752273274032
0.0,0.0,4.776,34.2,1752273274105
0.0,0.0,4.756,34.2,1752273274180
0.0,0.0,4.766,34.2,1752273274244
31.708240509033203,-97.1893081665039,4.766,34.2,1752273274244
0.0,0.0,4.776,34.2,1752273274314
0.0,0.0,4.776,34.2,1752273274387
0.0,0.0,4.787,34.2,1752273274453
0.0,0.0,4.787,34.2,1752273274525
0.0,0.0,4.787,34.2,1752273274594
0.0,0.0,4.787,34.2,1752273274671
0.0,0.0,4.797,34.2,1752273274732
0.0,0.0,4.787,34.2,1752273274804
0.0,0.0,4.787,34.2,1752273274872
0.0,0.0,4.787,34.2,1752273274944
0.0,0.0,4.797,34.2,1752273275013
0.0,0.0,4.787,34.2,1752273275085
0.0,0.0,4.797,34.2,1752273275153
0.0,0.0,4.797,34.2,1752273275226
31.708242416381836,-97.1893081665039,4.797,34.2,1752273275226
0.0,0.0,4.787,34.2,1752273275293
0.0,0.0,4.797,34.2,1752273275365
0.0,0.0,4.797,34.2,1752273275435
0.0,0.0,4.797,34.2,1752273275503
0.0,0.0,4.797,34.2,1752273275573
0.0,0.0,4.797,34.2,1752273275644
0.0,0.0,4.808,34.2,1752273275713
0.0,0.0,4.797,34.2,1752273275787
0.0,0.0,4.797,34.2,1752273275853
0.0,0.0,4.797,34.2,1752273275923
0.0,0.0,4.797,34.2,1752273275994
0.0,0.0,4.797,34.2,1752273276063
0.0,0.0,4.797,34.2,1752273276133
0.0,0.0,4.797,34.2,1752273276203
31.70824432373047,-97.18930053710938,4.797,34.2,1752273276203
0.0,0.0,4.776,34.2,1752273276273
0.0,0.0,4.776,34.2,1752273276344
0.0,0.0,4.776,34.2,1752273276413
0.0,0.0,4.776,34.2,1752273276483
0.0,0.0,4.776,34.2,1752273276552
0.0,0.0,4.776,34.2,1752273276623
0.0,0.0,4.766,34.2,1752273276694
0.0,0.0,4.766,34.2,1752273276765
0.0,0.0,4.756,34.2,1752273276835
0.0,0.0,4.745,34.2,1752273276908
0.0,0.0,4.735,34.2,1752273276974
0.0,0.0,4.724,34.2,1752273277043
0.0,0.0,4.724,34.2,1752273277117
0.0,0.0,4.724,34.2,1752273277184
0.0,0.0,4.714,34.2,1752273277261
31.7082462310791,-97.18929290771484,4.714,34.2,1752273277261
0.0,0.0,4.714,34.2,1752273277329
0.0,0.0,4.724,34.2,1752273277394
0.0,0.0,4.714,34.2,1752273277465
0.0,0.0,4.714,34.2,1752273277534
0.0,0.0,4.714,34.2,1752273277604
0.0,0.0,4.724,34.2,1752273277674
0.0,0.0,4.714,34.2,1752273277744
0.0,0.0,4.724,34.2,1752273277819
0.0,0.0,4.724,34.2,1752273277884
0.0,0.0,4.735,34.2,1752273277954
0.0,0.0,4.735,34.2,1752273278025
0.0,0.0,4.735,34.2,1752273278098
0.0,0.0,4.724,34.2,1752273278165
0.0,0.0,4.724,34.2,1752273278235
31.708250045776367,-97.18928527832031,4.724,34.2,1752273278235
0.0,0.0,4.724,34.2,1752273278306
0.0,0.0,4.714,34.2,1752273278377
0.0,0.0,4.714,34.2,1752273278446
0.0,0.0,4.714,34.2,1752273278517
0.0,0.0,4.714,34.2,1752273278586
0.0,0.0,4.714,34.2,1752273278654
0.0,0.0,4.714,34.2,1752273278725
0.0,0.0,4.714,34.2,1752273278796
0.0,0.0,4.714,34.2,1752273278864
0.0,0.0,4.724,34.2,1752273278935
0.0,0.0,4.714,34.2,1752273279004
0.0,0.0,4.714,34.2,1752273279077
0.0,0.0,4.714,34.2,1752273279147
0.0,0.0,4.714,34.2,1752273279213
31.708253860473633,-97.18928527832031,4.714,34.2,1752273279213
0.0,0.0,4.724,34.2,1752273279284
0.0,0.0,4.714,34.2,1752273279354
0.0,0.0,4.724,34.2,1752273279423
0.0,0.0,4.714,34.2,1752273279494
0.0,0.0,4.714,34.2,1752273279565
0.0,0.0,4.703,34.2,1752273279636
0.0,0.0,4.714,34.2,1752273279706
0.0,0.0,4.703,34.2,1752273279776
0.0,0.0,4.714,34.2,1752273279845
0.0,0.0,4.703,34.2,1752273279914
0.0,0.0,4.703,34.2,1752273279984
0.0,0.0,4.693,34.2,1752273280055
0.0,0.0,4.693,34.2,1752273280126
0.0,0.0,4.714,34.2,1752273280218
0.0,0.0,4.714,34.2,1752273280264
31.708255767822266,-97.18927764892578,4.714,34.2,1752273280264
0.0,0.0,4.724,34.2,1752273280334
0.0,0.0,4.724,34.2,1752273280405
0.0,0.0,4.724,34.2,1752273280497
0.0,0.0,4.714,34.2,1752273280546
0.0,0.0,4.714,34.2,1752273280614
0.0,0.0,4.703,34.2,1752273280686
0.0,0.0,4.703,34.2,1752273280753
0.0,0.0,4.693,34.2,1752273280824
0.0,0.0,4.703,34.2,1752273280895
0.0,0.0,4.703,34.2,1752273280965
0.0,0.0,4.683,34.2,1752273281049
0.0,0.0,4.683,34.2,1752273281105
0.0,0.0,4.672,34.2,1752273281175
0.0,0.0,4.672,34.2,1752273281254
31.708263397216797,-97.18927001953125,4.672,34.2,1752273281254
0.0,0.0,4.672,34.2,1752273281316
0.0,0.0,4.672,34.2,1752273281386
0.0,0.0,4.672,34.2,1752273281453
0.0,0.0,4.683,34.2,1752273281524
0.0,0.0,4.672,34.2,1752273281597
0.0,0.0,4.683,34.2,1752273281664
0.0,0.0,4.672,34.2,1752273281734
0.0,0.0,4.672,34.2,1752273281805
0.0,0.0,4.683,34.2,1752273281876
0.0,0.0,4.683,34.2,1752273281945
0.0,0.0,4.683,34.2,1752273282014
0.0,0.0,4.683,34.2,1752273282085
0.0,0.0,4.693,34.2,1752273282155
0.0,0.0,4.693,34.2,1752273282226
31.708269119262695,-97.18927001953125,4.693,34.2,1752273282226
0.0,0.0,4.683,34.2,1752273282296
0.0,0.0,4.693,34.2,1752273282367
0.0,0.0,4.683,34.2,1752273282434
0.0,0.0,4.683,34.2,1752273282504
0.0,0.0,4.683,34.2,1752273282574
0.0,0.0,4.693,34.2,1752273282645
0.0,0.0,4.683,34.2,1752273282716
0.0,0.0,4.683,34.2,1752273282783
0.0,0.0,4.683,34.2,1752273282855
0.0,0.0,4.683,34.2,1752273282924
0.0,0.0,4.683,34.2,1752273282994
0.0,0.0,4.683,34.2,1752273283065
0.0,0.0,4.683,34.2,1752273283136
0.0,0.0,4.683,34.2,1752273283204
0.0,0.0,4.672,34.2,1752273283278
31.708271026611328,-97.18926239013672,4.672,34.2,1752273283278
0.0,0.0,4.662,34.2,1752273283344
0.0,0.0,4.662,34.2,1752273283414
0.0,0.0,4.651,34.2,1752273283487
0.0,0.0,4.651,34.2,1752273283558
0.0,0.0,4.641,34.2,1752273283625
0.0,0.0,4.631,34.2,1752273283694
0.0,0.0,4.631,34.2,1752273283766
0.0,0.0,4.641,34.2,1752273283838
0.0,0.0,4.631,34.2,1752273283903
0.0,0.0,4.631,34.2,1752273283976
0.0,0.0,4.62,34.2,1752273284043
0.0,0.0,4.62,34.2,1752273284113
0.0,0.0,4.61,34.2,1752273284184
0.0,0.0,4.61,34.2,1752273284256
31.70827293395996,-97.18925476074219,4.61,34.2,1752273284256
0.0,0.0,4.62,34.2,1752273284323
0.0,0.0,4.631,34.2,1752273284393
0.0,0.0,4.62,34.2,1752273284468
0.0,0.0,4.62,34.2,1752273284535
0.0,0.0,4.631,34.2,1752273284607
0.0,0.0,4.62,34.2,1752273284674
0.0,0.0,4.61,34.2,1752273284744
0.0,0.0,4.61,34.2,1752273284818
0.0,0.0,4.62,34.2,1752273284884
0.0,0.0,4.62,34.2,1752273284952
0.0,0.0,4.62,34.2,1752273285024
0.0,0.0,4.599,34.2,1752273285093
0.0,0.0,4.599,34.2,1752273285163
0.0,0.0,4.589,34.2,1752273285234
31.708276748657227,-97.18925476074219,4.589,34.2,1752273285234
0.0,0.0,4.589,34.2,1752273285304
0.0,0.0,4.589,34.2,1752273285375
0.0,0.0,4.568,34.2,1752273285443
0.0,0.0,4.568,34.2,1752273285514
0.0,0.0,4.579,34.2,1752273285584
0.0,0.0,4.568,34.2,1752273285655
0.0,0.0,4.568,34.2,1752273285724
0.0,0.0,4.568,34.2,1752273285792
0.0,0.0,4.558,34.2,1752273285867
0.0,0.0,4.579,34.2,1752273285934
0.0,0.0,4.568,34.2,1752273286004
0.0,0.0,4.568,34.2,1752273286074
0.0,0.0,4.579,34.2,1752273286143
0.0,0.0,4.568,34.2,1752273286214
31.708280563354492,-97.18924713134766,4.568,34.2,1752273286214
0.0,0.0,4.568,34.2,1752273286283
0.0,0.0,4.558,34.2,1752273286353
0.0,0.0,4.558,34.2,1752273286423
0.0,0.0,4.558,34.2,1752273286493
0.0,0.0,4.558,34.2,1752273286564
0.0,0.0,4.547,34.2,1752273286635
0.0,0.0,4.547,34.2,1752273286704
0.0,0.0,4.547,34.2,1752273286774
0.0,0.0,4.547,34.2,1752273286845
0.0,0.0,4.527,34.2,1752273286919
0.0,0.0,4.516,34.2,1752273286987
0.0,0.0,4.527,34.2,1752273287055
0.0,0.0,4.527,34.2,1752273287122
0.0,0.0,4.516,34.2,1752273287195
0.0,0.0,4.516,34.2,1752273287271
31.708282470703125,-97.18923950195312,4.516,34.2,1752273287271
0.0,0.0,4.506,34.2,1752273287333
0.0,0.0,4.506,34.2,1752273287403
0.0,0.0,4.506,34.2,1752273287474
0.0,0.0,4.516,34.2,1752273287544
0.0,0.0,4.516,34.2,1752273287615
0.0,0.0,4.516,34.2,1752273287685
0.0,0.0,4.516,34.2,1752273287754
0.0,0.0,4.516,34.2,1752273287826
0.0,0.0,4.516,34.2,1752273287893
0.0,0.0,4.516,34.2,1752273287967
0.0,0.0,4.516,34.2,1752273288039
0.0,0.0,4.516,34.2,1752273288107
0.0,0.0,4.506,34.2,1752273288206
0.0,0.0,4.495,34.2,1752273288243
31.70828628540039,-97.1892318725586,4.495,34.2,1752273288243
0.0,0.0,4.495,34.2,1752273288313
0.0,0.0,4.485,34.2,1752273288385
0.0,0.0,4.475,34.2,1752273288454
0.0,0.0,4.464,34.2,1752273288525
0.0,0.0,4.464,34.2,1752273288593
0.0,0.0,4.464,34.2,1752273288664
0.0,0.0,4.454,34.2,1752273288733
0.0,0.0,4.454,34.2,1752273288806
0.0,0.0,4.443,34.2,1752273288896
0.0,0.0,4.433,34.2,1752273288945
0.0,0.0,4.433,34.2,1752273289014
0.0,0.0,4.433,34.2,1752273289113
0.0,0.0,4.433,34.2,1752273289161
0.0,0.0,4.433,34.2,1752273289225
31.708290100097656,-97.1892318725586,4.433,34.2,1752273289225
0.0,0.0,4.443,34.2,1752273289294
0.0,0.0,4.433,34.2,1752273289363
0.0,0.0,4.433,34.2,1752273289433
0.0,0.0,4.433,34.2,1752273289504
0.0,0.0,4.433,34.2,1752273289573
0.0,0.0,4.422,34.2,1752273289645
0.0,0.0,4.433,34.2,1752273289713
0.0,0.0,4.412,34.2,1752273289786
0.0,0.0,4.422,34.2,1752273289853
0.0,0.0,4.402,34.2,1752273289923
0.0,0.0,4.391,34.2,1752273289994
0.0,0.0,4.391,34.2,1752273290063
0.0,0.0,4.37,34.2,1752273290138
0.0,0.0,4.36,34.2,1752273290206
0.0,0.0,4.35,34.2,1752273290279
31.708295822143555,-97.18922424316406,4.35,34.2,1752273290279
0.0,0.0,4.35,34.2,1752273290346
0.0,0.0,4.339,34.2,1752273290415
0.0,0.0,4.339,34.2,1752273290493
0.0,0.0,4.35,34.2,1752273290556
0.0,0.0,4.339,34.2,1752273290625
0.0,0.0,4.339,34.2,1752273290700
0.0,0.0,4.35,34.2,1752273290766
0.0,0.0,4.35,34.2,1752273290835
0.0,0.0,4.35,34.2,1752273290905
0.0,0.0,4.35,34.2,1752273290975
0.0,0.0,4.35,34.2,1752273291046
0.0,0.0,4.35,34.2,1752273291115
0.0,0.0,4.36,34.2,1752273291185
0.0,0.0,4.35,34.2,1752273291256
31.708297729492188,-97.18921661376953,4.35,34.2,1752273291256
0.0,0.0,4.35,34.2,1752273291328
0.0,0.0,4.339,34.2,1752273291394
0.0,0.0,4.339,34.2,1752273291465
0.0,0.0,4.329,34.2,1752273291535
0.0,0.0,4.329,34.2,1752273291605
0.0,0.0,4.329,34.2,1752273291676
0.0,0.0,4.308,34.2,1752273291745
0.0,0.0,4.308,34.2,1752273291819
0.0,0.0,4.298,34.2,1752273291884
0.0,0.0,4.287,34.2,1752273291955
0.0,0.0,4.287,34.2,1752273292027
0.0,0.0,4.266,34.2,1752273292095
0.0,0.0,4.277,34.2,1752273292165
0.0,0.0,4.277,34.2,1752273292235
31.708301544189453,-97.189208984375,4.277,34.2,1752273292235
0.0,0.0,4.266,34.2,1752273292307
0.0,0.0,4.266,34.2,1752273292374
0.0,0.0,4.266,34.2,1752273292447
0.0,0.0,4.256,34.2,1752273292519
0.0,0.0,4.256,34.2,1752273292585
0.0,0.0,4.246,34.2,1752273292655
0.0,0.0,4.246,34.2,1752273292730
0.0,0.0,4.235,34.2,1752273292797
0.0,0.0,4.235,34.2,1752273292866
0.0,0.0,4.235,34.2,1752273292935
0.0,0.0,4.235,34.2,1752273293004
0.0,0.0,4.225,34.2,1752273293076
0.0,0.0,4.225,34.2,1752273293147
0.0,0.0,4.214,34.0,1752273293215
0.0,0.0,4.204,34.0,1752273293290
31.70830535888672,-97.18920135498047,4.204,34.0,1752273293290
0.0,0.0,4.204,34.0,1752273293354
0.0,0.0,4.204,34.0,1752273293426
0.0,0.0,4.214,34.0,1752273293497
0.0,0.0,4.204,34.0,1752273293569
0.0,0.0,4.183,34.0,1752273293640
0.0,0.0,4.183,34.0,1752273293705
0.0,0.0,4.162,34.0,1752273293778
0.0,0.0,4.162,34.0,1752273293845
0.0,0.0,4.162,34.0,1752273293918
0.0,0.0,4.152,34.0,1752273293984
0.0,0.0,4.152,34.0,1752273294057
0.0,0.0,4.131,34.0,1752273294126
0.0,0.0,4.131,34.0,1752273294199
0.0,0.0,4.121,34.0,1752273294265
31.70830535888672,-97.18919372558594,4.121,34.0,1752273294265
0.0,0.0,4.1,34.0,1752273294339
0.0,0.0,4.089,34.0,1752273294404
0.0,0.0,4.089,34.0,1752273294476
0.0,0.0,4.079,34.0,1752273294544
0.0,0.0,4.079,34.0,1752273294615
0.0,0.0,4.058,34.0,1752273294686
0.0,0.0,4.037,34.0,1752273294754
0.0,0.0,4.048,34.0,1752273294827
0.0,0.0,4.037,34.0,1752273294896
0.0,0.0,4.027,34.0,1752273294965
0.0,0.0,4.027,34.0,1752273295036
0.0,0.0,4.017,34.0,1752273295105
0.0,0.0,4.006,34.0,1752273295177
0.0,0.0,4.017,34.0,1752273295252
31.70830726623535,-97.18919372558594,4.017,34.0,1752273295252
0.0,0.0,3.985,34.0,1752273295315
0.0,0.0,3.975,34.0,1752273295385
0.0,0.0,3.965,34.0,1752273295454
0.0,0.0,3.975,34.0,1752273295525
0.0,0.0,3.954,34.0,1752273295594
0.0,0.0,3.933,34.0,1752273295664
0.0,0.0,3.933,34.0,1752273295735
0.0,0.0,3.933,34.0,1752273295809
0.0,0.0,3.923,34.0,1752273295874
0.0,0.0,3.913,34.0,1752273295947
0.0,0.0,3.913,34.0,1752273296014
0.0,0.0,3.902,34.0,1752273296083
0.0,0.0,3.892,34.0,1752273296158
0.0,0.0,3.892,34.2,1752273296224
31.708309173583984,-97.1891860961914,3.892,34.2,1752273296224
0.0,0.0,3.892,34.2,1752273296295
0.0,0.0,3.892,34.2,1752273296365
0.0,0.0,3.881,34.2,1752273296434
0.0,0.0,3.881,34.2,1752273296505
0.0,0.0,3.881,34.2,1752273296575
0.0,0.0,3.871,34.2,1752273296650
0.0,0.0,3.871,34.2,1752273296714
0.0,0.0,3.861,34.2,1752273296784
0.0,0.0,3.861,34.2,1752273296856
0.0,0.0,3.85,34.2,1752273296924
0.0,0.0,3.84,34.2,1752273296994
0.0,0.0,3.84,34.2,1752273297065
0.0,0.0,3.829,34.2,1752273297136
0.0,0.0,3.808,34.2,1752273297203
0.0,0.0,3.808,34.2,1752273297284
31.708309173583984,-97.18917846679688,3.808,34.2,1752273297284
0.0,0.0,3.788,34.2,1752273297344
0.0,0.0,3.777,34.2,1752273297415
0.0,0.0,3.777,34.2,1752273297485
0.0,0.0,3.767,34.2,1752273297553
0.0,0.0,3.746,34.2,1752273297623
0.0,0.0,3.746,34.2,1752273297694
0.0,0.0,3.736,34.2,1752273297788
0.0,0.0,3.725,34.2,1752273297836
0.0,0.0,3.715,34.2,1752273297904
0.0,0.0,3.694,34.2,1752273297974
0.0,0.0,3.694,34.2,1752273298043
0.0,0.0,3.684,34.2,1752273298119
0.0,0.0,3.673,34.2,1752273298184
0.0,0.0,3.663,34.2,1752273298253
31.708309173583984,-97.18917083740234,3.663,34.2,1752273298253
0.0,0.0,3.673,34.2,1752273298339
0.0,0.0,3.663,34.2,1752273298394
0.0,0.0,3.652,34.2,1752273298464
0.0,0.0,3.642,34.2,1752273298534
0.0,0.0,3.642,34.2,1752273298606
0.0,0.0,3.632,34.2,1752273298675
0.0,0.0,3.621,34.2,1752273298746
0.0,0.0,3.611,34.2,1752273298816
0.0,0.0,3.6,34.2,1752273298884
0.0,0.0,3.6,34.2,1752273298973
0.0,0.0,3.58,34.2,1752273299024
0.0,0.0,3.58,34.2,1752273299094
0.0,0.0,3.559,34.2,1752273299163
0.0,0.0,3.538,34.2,1752273299289
31.708311080932617,-97.18916320800781,3.538,34.2,1752273299289
0.0,0.0,3.517,34.2,1752273299307
0.0,0.0,3.517,34.2,1752273299373
0.0,0.0,3.507,34.2,1752273299443
0.0,0.0,3.507,34.2,1752273299513
0.0,0.0,3.486,34.2,1752273299585
0.0,0.0,3.475,34.2,1752273299655
0.0,0.0,3.465,34.2,1752273299723
0.0,0.0,3.455,34.2,1752273299803
0.0,0.0,3.434,34.2,1752273299863
0.0,0.0,3.423,34.2,1752273299933
0.0,0.0,3.413,34.2,1752273300003
0.0,0.0,3.392,34.2,1752273300073
0.0,0.0,3.392,34.2,1752273300143
0.0,0.0,3.371,34.2,1752273300214
31.70831298828125,-97.18915557861328,3.371,34.2,1752273300214
0.0,0.0,3.361,34.2,1752273300284
0.0,0.0,3.351,34.2,1752273300356
0.0,0.0,3.34,34.2,1752273300424
0.0,0.0,3.33,34.2,1752273300494
0.0,0.0,3.319,34.2,1752273300563
0.0,0.0,3.299,34.2,1752273300634
0.0,0.0,3.299,34.2,1752273300703
0.0,0.0,3.299,34.2,1752273300775
0.0,0.0,3.288,34.2,1752273300843
0.0,0.0,3.278,34.2,1752273300913
0.0,0.0,3.267,34.2,1752273300984
0.0,0.0,3.267,34.2,1752273301056
0.0,0.0,3.267,34.2,1752273301123
0.0,0.0,3.257,34.2,1752273301193
0.0,0.0,3.246,34.2,1752273301271
31.70831298828125,-97.18914794921875,3.246,34.2,1752273301271
0.0,0.0,3.246,34.2,1752273301333
0.0,0.0,3.236,34.2,1752273301403
0.0,0.0,3.236,34.2,1752273301474
