0.0,0.0,1.873,30.6,1751034805882
0.0,0.0,1.873,30.6,1751034805962
0.0,0.0,1.873,30.6,1751034806029
0.0,0.0,1.873,30.6,1751034806096
0.0,0.0,1.873,30.6,1751034806168
0.0,0.0,1.873,30.6,1751034806216
0.0,0.0,1.873,30.6,1751034806362
0.0,0.0,1.873,30.6,1751034806445
0.0,0.0,1.852,30.6,1751034806657
0.0,0.0,1.852,30.6,1751034806689
0.0,0.0,1.852,30.6,1751034806722
0.0,0.0,1.852,30.6,1751034806755
0.0,0.0,1.852,30.6,1751034806805
0.0,0.0,1.852,30.6,1751034806869
0.0,0.0,1.852,30.6,1751034806934
0.0,0.0,1.852,30.6,1751034807001
0.0,0.0,1.842,30.6,1751034807085
0.0,0.0,1.842,30.6,1751034807151
0.0,0.0,1.831,30.6,1751034807218
0.0,0.0,1.831,30.6,1751034807285
0.0,0.0,1.831,30.6,1751034807352
0.0,0.0,1.831,30.6,1751034807435
0.0,0.0,1.831,30.6,1751034807501
0.0,0.0,1.842,30.6,1751034807568
0.0,0.0,1.831,30.6,1751034807635
0.0,0.0,1.842,30.6,1751034807702
0.0,0.0,1.842,30.6,1751034807785
0.0,0.0,1.831,30.6,1751034807852
0.0,0.0,1.842,30.6,1751034807918
0.0,0.0,1.852,30.6,1751034807986
0.0,0.0,1.852,30.6,1751034808053
0.0,0.0,1.842,30.6,1751034808136
0.0,0.0,1.842,30.6,1751034808201
0.0,0.0,1.842,30.6,1751034808268
0.0,0.0,1.842,30.6,1751034808334
0.0,0.0,1.842,30.6,1751034808401
0.0,0.0,1.831,30.6,1751034808485
0.0,0.0,1.821,30.6,1751034808551
0.0,0.0,1.821,30.6,1751034808618
0.0,0.0,1.821,30.6,1751034808685
0.0,0.0,1.821,30.6,1751034808751
0.0,0.0,1.821,30.6,1751034808834
0.0,0.0,1.821,30.6,1751034808919
0.0,0.0,1.821,30.6,1751034808971
0.0,0.0,1.81,30.6,1751034809034
0.0,0.0,1.81,30.6,1751034809101
0.0,0.0,1.821,30.6,1751034809185
0.0,0.0,1.821,30.6,1751034809251
0.0,0.0,1.821,30.6,1751034809318
0.0,0.0,1.821,30.6,1751034809384
0.0,0.0,1.821,30.6,1751034809451
0.0,0.0,1.81,30.6,1751034809534
0.0,0.0,1.81,30.6,1751034809601
0.0,0.0,1.81,30.6,1751034809670
0.0,0.0,1.81,30.6,1751034809734
0.0,0.0,1.81,30.6,1751034809801
0.0,0.0,1.81,30.6,1751034809885
0.0,0.0,1.81,30.6,1751034809936
0.0,0.0,1.8,30.6,1751034810019
0.0,0.0,1.8,30.6,1751034810120
0.0,0.0,1.8,30.6,1751034810150
0.0,0.0,1.79,30.6,1751034810223
0.0,0.0,1.8,30.6,1751034810318
0.0,0.0,1.8,30.6,1751034810374
0.0,0.0,1.81,30.6,1751034810436
0.0,0.0,1.8,30.6,1751034810519
0.0,0.0,1.81,30.6,1751034810586
0.0,0.0,1.81,30.6,1751034810652
0.0,0.0,1.821,30.6,1751034810718
0.0,0.0,1.81,30.6,1751034810785
0.0,0.0,1.81,30.6,1751034810869
0.0,0.0,1.81,30.6,1751034810937
0.0,0.0,1.81,30.6,1751034811004
0.0,0.0,1.81,30.6,1751034811069
0.0,0.0,1.81,30.6,1751034811137
0.0,0.0,1.8,30.6,1751034811210
0.0,0.0,1.8,30.6,1751034811285
0.0,0.0,1.79,30.6,1751034811353
0.0,0.0,1.779,30.6,1751034811421
0.0,0.0,1.779,30.6,1751034811485
0.0,0.0,1.779,30.6,1751034811581
0.0,0.0,1.79,30.6,1751034811639
0.0,0.0,1.779,30.6,1751034811704
0.0,0.0,1.79,30.6,1751034811769
0.0,0.0,1.79,30.6,1751034811835
0.0,0.0,1.779,30.4,1751034811919
0.0,0.0,1.79,30.4,1751034811986
0.0,0.0,1.79,30.4,1751034812054
0.0,0.0,1.8,30.4,1751034812137
0.0,0.0,1.8,30.4,1751034812189
0.0,0.0,1.8,30.4,1751034812251
0.0,0.0,1.8,30.4,1751034812335
0.0,0.0,1.8,30.4,1751034812402
0.0,0.0,1.8,30.4,1751034812469
0.0,0.0,1.8,30.4,1751034812536
0.0,0.0,1.8,30.4,1751034812619
0.0,0.0,1.779,30.4,1751034812687
0.0,0.0,1.79,30.4,1751034812754
0.0,0.0,1.779,30.4,1751034812820
0.0,0.0,1.779,30.4,1751034812885
0.0,0.0,1.779,30.4,1751034812968
0.0,0.0,1.769,30.4,1751034813036
0.0,0.0,1.758,30.4,1751034813102
0.0,0.0,1.758,30.4,1751034813170
0.0,0.0,1.758,30.4,1751034813242
0.0,0.0,1.758,30.4,1751034813319
0.0,0.0,1.758,30.4,1751034813385
0.0,0.0,1.758,30.4,1751034813452
0.0,0.0,1.758,30.4,1751034813519
0.0,0.0,1.758,30.4,1751034813585
0.0,0.0,1.758,30.4,1751034813668
0.0,0.0,1.769,30.4,1751034813735
0.0,0.0,1.769,30.4,1751034813803
0.0,0.0,1.769,30.4,1751034813869
0.0,0.0,1.758,30.4,1751034813938
0.0,0.0,1.758,30.4,1751034814019
0.0,0.0,1.758,30.4,1751034814086
0.0,0.0,1.769,30.4,1751034814154
0.0,0.0,1.769,30.4,1751034814226
0.0,0.0,1.769,30.4,1751034814286
0.0,0.0,1.769,30.4,1751034814369
0.0,0.0,1.779,30.4,1751034814435
0.0,0.0,1.779,30.4,1751034814502
0.0,0.0,1.779,30.4,1751034814569
0.0,0.0,1.79,30.4,1751034814636
0.0,0.0,1.79,30.4,1751034814719
0.0,0.0,1.8,30.4,1751034814786
0.0,0.0,1.81,30.4,1751034814852
0.0,0.0,1.81,30.4,1751034814919
0.0,0.0,1.8,30.4,1751034814987
31.762231826782227,-97.12643432617188,1.8,30.4,1751034815000
31.76223373413086,-97.12643432617188,1.8,30.4,1751034815000
0.0,0.0,1.81,30.4,1751034815069
0.0,0.0,1.8,30.4,1751034815136
0.0,0.0,1.821,30.4,1751034815207
0.0,0.0,1.821,30.4,1751034815287
0.0,0.0,1.821,30.4,1751034815343
0.0,0.0,1.8,30.4,1751034815403
0.0,0.0,1.821,30.4,1751034815485
0.0,0.0,1.821,30.4,1751034815553
0.0,0.0,1.831,30.4,1751034815620
0.0,0.0,1.8,29.6,1751034960424
0.0,0.0,1.769,29.6,1751034962041
0.0,0.0,1.758,29.8,1751034971341
0.0,0.0,1.737,29.8,1751034971557
0.0,0.0,1.717,29.8,1751034971924
31.762117385864258,-97.12696838378906,1.717,29.8,1751034972000
0.0,0.0,1.675,29.8,1751034972458
0.0,0.0,1.654,29.8,1751034972773
31.762117385864258,-97.12694549560547,1.644,29.8,1751034973000
0.0,0.0,1.644,29.8,1751034973074
0.0,0.0,1.633,29.8,1751034973424
0.0,0.0,1.592,29.8,1751034973674
0.0,0.0,1.571,29.8,1751034973974
31.76211929321289,-97.12693786621094,1.55,29.8,1751034974000
0.0,0.0,1.55,29.8,1751034974007
0.0,0.0,1.55,29.8,1751034974062
0.0,0.0,1.561,29.8,1751034974123
0.0,0.0,1.55,29.8,1751034974193
0.0,0.0,1.571,29.8,1751034974325
0.0,0.0,1.581,29.8,1751034974356
0.0,0.0,1.592,29.8,1751034974409
0.0,0.0,1.613,29.8,1751034974474
0.0,0.0,1.613,29.8,1751034974540
0.0,0.0,1.602,29.8,1751034974607
0.0,0.0,1.623,29.8,1751034974689
0.0,0.0,1.613,29.8,1751034974757
0.0,0.0,1.623,29.8,1751034974823
0.0,0.0,1.633,29.8,1751034974890
0.0,0.0,1.623,29.8,1751034974957
31.76212501525879,-97.1269302368164,1.613,29.8,1751034975000
0.0,0.0,1.613,29.8,1751034975040
0.0,0.0,1.613,29.8,1751034975107
0.0,0.0,1.602,29.8,1751034975177
0.0,0.0,1.592,29.8,1751034975249
0.0,0.0,1.571,29.8,1751034975375
0.0,0.0,1.561,29.8,1751034975407
0.0,0.0,1.571,29.8,1751034975461
0.0,0.0,1.571,29.8,1751034975523
0.0,0.0,1.571,29.8,1751034975590
0.0,0.0,1.581,29.8,1751034975656
0.0,0.0,1.581,29.8,1751034975740
0.0,0.0,1.571,29.8,1751034975806
0.0,0.0,1.571,29.8,1751034975873
0.0,0.0,1.561,29.8,1751034975956
31.762128829956055,-97.12692260742188,1.571,29.8,1751034976000
0.0,0.0,1.571,29.8,1751034976024
0.0,0.0,1.581,29.8,1751034976090
0.0,0.0,1.592,29.8,1751034976158
0.0,0.0,1.592,29.8,1751034976223
0.0,0.0,1.592,29.8,1751034976357
0.0,0.0,1.592,29.8,1751034976390
0.0,0.0,1.592,29.8,1751034976444
0.0,0.0,1.592,29.8,1751034976506
0.0,0.0,1.592,29.8,1751034976574
0.0,0.0,1.592,29.8,1751034976640
0.0,0.0,1.592,29.8,1751034976707
0.0,0.0,1.602,29.8,1751034976789
0.0,0.0,1.592,29.8,1751034976856
0.0,0.0,1.592,29.8,1751034976924
31.762130737304688,-97.12691497802734,1.581,29.8,1751034977000
0.0,0.0,1.581,29.8,1751034977007
0.0,0.0,1.581,29.8,1751034977323
0.0,0.0,1.581,29.8,1751034977356
0.0,0.0,1.581,29.8,1751034977401
0.0,0.0,1.581,29.8,1751034977423
0.0,0.0,1.581,29.8,1751034977463
0.0,0.0,1.581,29.8,1751034977474
0.0,0.0,1.581,29.8,1751034977557
0.0,0.0,1.581,29.8,1751034977590
0.0,0.0,1.571,29.8,1751034977723
0.0,0.0,1.571,29.8,1751034977756
0.0,0.0,1.571,29.8,1751034977800
0.0,0.0,1.581,29.8,1751034977842
0.0,0.0,1.581,29.8,1751034977906
0.0,0.0,1.592,29.8,1751034977972
31.76213264465332,-97.12690734863281,1.592,29.8,1751034978000
0.0,0.0,1.592,29.8,1751034978039
0.0,0.0,1.592,29.8,1751034978106
0.0,0.0,1.592,29.8,1751034978190
0.0,0.0,1.581,29.8,1751034978339
0.0,0.0,1.592,29.8,1751034978378
0.0,0.0,1.592,29.8,1751034978407
0.0,0.0,1.602,29.8,1751034978443
0.0,0.0,1.602,29.8,1751034978523
0.0,0.0,1.602,29.8,1751034978606
0.0,0.0,1.602,29.8,1751034978675
0.0,0.0,1.592,29.8,1751034978728
0.0,0.0,1.592,29.8,1751034978806
0.0,0.0,1.592,29.8,1751034978890
0.0,0.0,1.592,29.8,1751034978956
31.76213836669922,-97.12689971923828,1.602,29.8,1751034979000
0.0,0.0,1.602,29.8,1751034979023
0.0,0.0,1.602,29.8,1751034979090
0.0,0.0,1.623,29.8,1751034979159
0.0,0.0,1.613,29.8,1751034979223
0.0,0.0,1.602,29.8,1751034979357
0.0,0.0,1.602,29.8,1751034979390
0.0,0.0,1.602,29.8,1751034979444
0.0,0.0,1.602,29.8,1751034979506
0.0,0.0,1.602,29.8,1751034979590
0.0,0.0,1.602,29.8,1751034979657
0.0,0.0,1.602,29.8,1751034979723
0.0,0.0,1.602,29.8,1751034979789
0.0,0.0,1.592,29.8,1751034979856
0.0,0.0,1.592,29.8,1751034979923
31.762144088745117,-97.12689208984375,1.581,29.8,1751034980000
0.0,0.0,1.581,29.8,1751034980006
0.0,0.0,1.592,29.8,1751034980073
0.0,0.0,1.592,29.8,1751034980140
0.0,0.0,1.592,29.8,1751034980222
0.0,0.0,1.592,29.8,1751034980338
0.0,0.0,1.592,29.8,1751034980356
0.0,0.0,1.592,29.8,1751034980423
0.0,0.0,1.581,29.8,1751034980490
0.0,0.0,1.581,29.8,1751034980557
0.0,0.0,1.581,29.8,1751034980640
0.0,0.0,1.592,29.8,1751034980706
0.0,0.0,1.592,29.8,1751034980773
0.0,0.0,1.592,29.8,1751034980839
0.0,0.0,1.592,29.8,1751034980905
31.762144088745117,-97.12688446044922,1.592,29.8,1751034981000
0.0,0.0,1.592,29.8,1751034981005
0.0,0.0,1.592,29.8,1751034981140
0.0,0.0,1.592,29.8,1751034981178
0.0,0.0,1.592,29.8,1751034981340
0.0,0.0,1.581,29.8,1751034981373
0.0,0.0,1.581,29.8,1751034981418
0.0,0.0,1.592,29.8,1751034981439
0.0,0.0,1.592,29.8,1751034981540
0.0,0.0,1.592,29.8,1751034981573
0.0,0.0,1.592,29.8,1751034981723
0.0,0.0,1.581,29.8,1751034981756
0.0,0.0,1.581,29.8,1751034981802
0.0,0.0,1.581,29.8,1751034981822
0.0,0.0,1.581,29.8,1751034981889
0.0,0.0,1.581,29.8,1751034981955
31.76214599609375,-97.12689208984375,1.581,29.8,1751034982000
0.0,0.0,1.581,29.8,1751034982040
0.0,0.0,1.581,29.8,1751034982106
0.0,0.0,1.581,29.8,1751034982181
0.0,0.0,1.581,29.8,1751034982240
0.0,0.0,1.581,29.8,1751034982374
0.0,0.0,1.592,29.8,1751034982406
0.0,0.0,1.581,29.8,1751034982462
0.0,0.0,1.571,29.8,1751034982523
0.0,0.0,1.571,29.8,1751034982589
0.0,0.0,1.571,29.8,1751034982673
0.0,0.0,1.561,29.8,1751034982738
0.0,0.0,1.561,29.8,1751034982806
0.0,0.0,1.55,29.8,1751034982873
0.0,0.0,1.54,29.8,1751034982939
31.76214599609375,-97.12689208984375,1.54,29.8,1751034983000
0.0,0.0,1.54,29.8,1751034983006
0.0,0.0,1.54,29.8,1751034983089
0.0,0.0,1.529,29.8,1751034983160
0.0,0.0,1.519,29.8,1751034983311
0.0,0.0,1.519,29.8,1751034983363
0.0,0.0,1.509,29.8,1751034983390
0.0,0.0,1.519,29.8,1751034983445
0.0,0.0,1.519,29.8,1751034983506
0.0,0.0,1.519,29.8,1751034983572
0.0,0.0,1.529,29.8,1751034983639
0.0,0.0,1.529,29.8,1751034983706
0.0,0.0,1.529,29.8,1751034983790
0.0,0.0,1.529,29.8,1751034983855
0.0,0.0,1.529,29.8,1751034983990
31.762147903442383,-97.12689208984375,1.529,29.8,1751034984000
0.0,0.0,1.529,29.8,1751034984022
0.0,0.0,1.54,29.8,1751034984139
0.0,0.0,1.529,29.8,1751034984175
0.0,0.0,1.529,29.8,1751034984338
0.0,0.0,1.529,29.8,1751034984389
0.0,0.0,1.519,29.8,1751034984423
0.0,0.0,1.519,29.8,1751034984469
0.0,0.0,1.519,29.8,1751034984557
0.0,0.0,1.509,29.8,1751034984573
0.0,0.0,1.519,29.8,1751034984628
0.0,0.0,1.519,29.8,1751034984689
0.0,0.0,1.519,29.8,1751034984755
0.0,0.0,1.519,29.8,1751034984840
0.0,0.0,1.519,29.8,1751034984905
0.0,0.0,1.519,29.8,1751034984972
31.762149810791016,-97.12689208984375,1.519,29.8,1751034985000
0.0,0.0,1.529,29.8,1751034985038
0.0,0.0,1.54,29.8,1751034985106
0.0,0.0,1.54,29.8,1751034985207
0.0,0.0,1.54,29.8,1751034985261
0.0,0.0,1.55,29.8,1751034985387
0.0,0.0,1.55,29.8,1751034985422
0.0,0.0,1.55,29.8,1751034985469
0.0,0.0,1.55,29.8,1751034985522
0.0,0.0,1.55,29.8,1751034985606
0.0,0.0,1.55,29.8,1751034985672
0.0,0.0,1.55,29.8,1751034985731
0.0,0.0,1.55,29.8,1751034985806
0.0,0.0,1.55,29.8,1751034985890
0.0,0.0,1.561,29.8,1751034985955
31.76215171813965,-97.12689208984375,1.561,29.8,1751034986000
0.0,0.0,1.561,29.8,1751034986023
0.0,0.0,1.561,29.8,1751034986089
0.0,0.0,1.55,29.8,1751034986160
0.0,0.0,1.561,29.8,1751034986225
0.0,0.0,1.571,29.8,1751034986360
0.0,0.0,1.571,29.8,1751034986389
0.0,0.0,1.571,29.8,1751034986445
0.0,0.0,1.561,29.8,1751034986505
0.0,0.0,1.561,29.8,1751034986589
0.0,0.0,1.55,29.8,1751034986655
0.0,0.0,1.55,29.8,1751034986721
0.0,0.0,1.55,29.8,1751034986788
0.0,0.0,1.55,29.8,1751034986855
0.0,0.0,1.55,29.8,1751034986940
31.762155532836914,-97.12689971923828,1.55,29.8,1751034987000
0.0,0.0,1.55,29.8,1751034987005
0.0,0.0,1.561,29.8,1751034987072
0.0,0.0,1.561,29.8,1751034987143
0.0,0.0,1.54,29.8,1751034987219
0.0,0.0,1.54,29.8,1751034987359
0.0,0.0,1.55,29.8,1751034987389
0.0,0.0,1.55,29.8,1751034987445
0.0,0.0,1.55,29.8,1751034987497
0.0,0.0,1.55,29.8,1751034987556
0.0,0.0,1.55,29.8,1751034987639
0.0,0.0,1.561,29.8,1751034987706
0.0,0.0,1.571,29.8,1751034987773
0.0,0.0,1.571,29.8,1751034987839
0.0,0.0,1.571,29.8,1751034987906
0.0,0.0,1.571,29.8,1751034987989
31.762155532836914,-97.12689971923828,1.571,29.8,1751034988000
0.0,0.0,1.571,29.8,1751034988055
0.0,0.0,1.581,29.8,1751034988123
0.0,0.0,1.571,29.8,1751034988202
0.0,0.0,1.561,29.8,1751034988365
0.0,0.0,1.561,29.8,1751034988414
0.0,0.0,1.561,29.8,1751034988454
0.0,0.0,1.561,29.8,1751034988472
0.0,0.0,1.55,29.8,1751034988539
0.0,0.0,1.529,29.8,1751034988606
0.0,0.0,1.529,29.8,1751034988755
0.0,0.0,1.529,29.8,1751034988822
0.0,0.0,1.519,29.8,1751034988888
0.0,0.0,1.519,29.8,1751034988972
31.762157440185547,-97.12689971923828,1.519,29.8,1751034989000
0.0,0.0,1.509,29.8,1751034989038
0.0,0.0,1.498,29.8,1751034989106
0.0,0.0,1.498,29.8,1751034989188
0.0,0.0,1.498,29.8,1751034989251
0.0,0.0,1.498,29.8,1751034989389
0.0,0.0,1.509,29.8,1751034989422
0.0,0.0,1.498,29.8,1751034989470
0.0,0.0,1.509,29.8,1751034989521
0.0,0.0,1.519,29.8,1751034989588
0.0,0.0,1.509,29.8,1751034989656
0.0,0.0,1.519,29.8,1751034989722
0.0,0.0,1.519,29.8,1751034989806
0.0,0.0,1.529,29.8,1751034989872
0.0,0.0,1.54,29.8,1751034989939
31.762157440185547,-97.12689971923828,1.54,29.8,1751034990000
0.0,0.0,1.54,29.8,1751034990005
0.0,0.0,1.54,29.8,1751034990089
0.0,0.0,1.529,29.8,1751034990162
0.0,0.0,1.529,29.8,1751034990316
0.0,0.0,1.529,29.8,1751034990364
0.0,0.0,1.529,29.8,1751034990389
0.0,0.0,1.529,29.8,1751034990448
0.0,0.0,1.529,29.8,1751034990497
0.0,0.0,1.509,29.8,1751034990572
0.0,0.0,1.519,29.8,1751034990639
0.0,0.0,1.509,29.8,1751034990706
0.0,0.0,1.498,29.8,1751034990789
0.0,0.0,1.509,29.8,1751034990857
0.0,0.0,1.498,29.8,1751034990921
0.0,0.0,1.509,29.8,1751034990989
31.762157440185547,-97.12689971923828,1.509,29.8,1751034991000
0.0,0.0,1.509,29.8,1751034991056
0.0,0.0,1.509,29.8,1751034991139
0.0,0.0,1.509,29.8,1751034991219
0.0,0.0,1.509,29.8,1751034991423
0.0,0.0,1.509,29.8,1751034991456
0.0,0.0,1.519,29.8,1751034991521
0.0,0.0,1.519,29.8,1751034991555
0.0,0.0,1.519,29.8,1751034991603
0.0,0.0,1.519,29.8,1751034991689
0.0,0.0,1.519,29.8,1751034991723
0.0,0.0,1.519,29.8,1751034991905
31.762157440185547,-97.12689971923828,1.519,29.8,1751034992000
0.0,0.0,1.519,29.8,1751034992055
0.0,0.0,1.529,29.8,1751034992089
0.0,0.0,1.529,29.8,1751034992405
0.0,0.0,1.54,29.8,1751034992439
0.0,0.0,1.529,29.8,1751034992488
0.0,0.0,1.519,29.8,1751034992789
0.0,0.0,1.519,29.8,1751034992955
0.0,0.0,1.509,29.8,1751034992988
31.76215934753418,-97.12689971923828,1.509,29.8,1751034993000
0.0,0.0,1.509,29.8,1751034993048
0.0,0.0,1.509,29.8,1751034993099
0.0,0.0,1.509,29.8,1751034993207
0.0,0.0,1.509,29.8,1751034993371
0.0,0.0,1.509,29.8,1751034993405
0.0,0.0,1.498,29.8,1751034993456
0.0,0.0,1.498,29.8,1751034993476
0.0,0.0,1.498,29.8,1751034993525
0.0,0.0,1.498,29.8,1751034993577
0.0,0.0,1.498,29.8,1751034993654
0.0,0.0,1.509,29.8,1751034993723
0.0,0.0,1.509,29.8,1751034993806
0.0,0.0,1.498,29.8,1751034993871
0.0,0.0,1.498,29.8,1751034993939
31.762157440185547,-97.12689971923828,1.509,29.8,1751034994000
0.0,0.0,1.509,29.8,1751034994006
0.0,0.0,1.509,29.8,1751034994072
0.0,0.0,1.509,29.8,1751034994158
0.0,0.0,1.519,29.8,1751034994319
0.0,0.0,1.519,29.8,1751034994363
0.0,0.0,1.519,29.8,1751034994389
0.0,0.0,1.519,29.8,1751034994438
0.0,0.0,1.519,29.8,1751034994490
0.0,0.0,1.519,29.8,1751034994572
0.0,0.0,1.529,29.8,1751034994639
0.0,0.0,1.529,29.8,1751034994704
0.0,0.0,1.529,29.8,1751034994771
0.0,0.0,1.529,29.8,1751034994838
0.0,0.0,1.529,30.0,1751034994923
0.0,0.0,1.519,30.0,1751034994990
31.762157440185547,-97.12689971923828,1.519,30.0,1751034995000
0.0,0.0,1.519,30.0,1751034995054
0.0,0.0,1.519,30.0,1751034995123
0.0,0.0,1.519,30.0,1751034995204
0.0,0.0,1.519,30.0,1751034995289
0.0,0.0,1.519,30.0,1751034995411
0.0,0.0,1.519,30.0,1751034995439
0.0,0.0,1.509,30.0,1751034995489
0.0,0.0,1.509,30.0,1751034995540
0.0,0.0,1.509,30.0,1751034995621
0.0,0.0,1.509,30.0,1751034995688
0.0,0.0,1.509,30.0,1751034995754
0.0,0.0,1.509,30.0,1751034995823
0.0,0.0,1.509,30.0,1751034995888
0.0,0.0,1.509,30.0,1751034995955
31.762157440185547,-97.12689971923828,1.509,30.0,1751034996000
0.0,0.0,1.509,30.0,1751034996039
0.0,0.0,1.519,30.0,1751034996105
0.0,0.0,1.519,30.0,1751034996186
0.0,0.0,1.519,30.0,1751034996236
0.0,0.0,1.529,30.0,1751034996422
0.0,0.0,1.519,30.0,1751034996456
0.0,0.0,1.529,30.0,1751034996514
0.0,0.0,1.529,30.0,1751034996535
0.0,0.0,1.529,30.0,1751034996604
0.0,0.0,1.529,30.0,1751034996659
0.0,0.0,1.529,30.0,1751034996738
0.0,0.0,1.529,30.0,1751034996806
0.0,0.0,1.529,30.0,1751034996873
0.0,0.0,1.529,30.0,1751034996939
31.762157440185547,-97.12689971923828,1.529,30.0,1751034997000
0.0,0.0,1.529,30.0,1751034997006
0.0,0.0,1.54,30.0,1751034997088
0.0,0.0,1.529,30.0,1751034997162
0.0,0.0,1.529,30.0,1751034997240
0.0,0.0,1.529,30.0,1751034997371
0.0,0.0,1.519,30.0,1751034997406
0.0,0.0,1.519,30.0,1751034997455
0.0,0.0,1.519,30.0,1751034997508
0.0,0.0,1.519,30.0,1751034997573
0.0,0.0,1.519,30.0,1751034997639
0.0,0.0,1.519,30.0,1751034997706
0.0,0.0,1.519,30.0,1751034997788
0.0,0.0,1.519,30.0,1751034997856
0.0,0.0,1.519,30.0,1751034997922
0.0,0.0,1.529,30.0,1751034997989
31.76215934753418,-97.12689971923828,1.529,30.0,1751034998000
0.0,0.0,1.529,30.0,1751034998054
0.0,0.0,1.529,30.0,1751034998122
0.0,0.0,1.529,30.0,1751034998202
0.0,0.0,1.529,30.0,1751034998286
0.0,0.0,1.529,30.0,1751034998420
0.0,0.0,1.529,30.0,1751034998443
0.0,0.0,1.519,30.0,1751034998478
0.0,0.0,1.519,30.0,1751034998547
0.0,0.0,1.519,30.0,1751034998627
0.0,0.0,1.519,30.0,1751034998698
0.0,0.0,1.519,30.0,1751034998761
0.0,0.0,1.519,30.0,1751034998827
0.0,0.0,1.509,30.0,1751034998903
0.0,0.0,1.519,30.0,1751034998956
31.76215934753418,-97.12689971923828,1.519,30.0,1751034999000
0.0,0.0,1.519,30.0,1751034999038
0.0,0.0,1.509,30.0,1751034999104
0.0,0.0,1.498,30.0,1751034999188
0.0,0.0,1.498,30.0,1751034999337
0.0,0.0,1.498,30.0,1751034999372
0.0,0.0,1.498,30.0,1751034999406
0.0,0.0,1.498,30.0,1751034999455
0.0,0.0,1.509,30.0,1751034999538
0.0,0.0,1.509,30.0,1751034999605
0.0,0.0,1.509,30.0,1751034999672
0.0,0.0,1.509,30.0,1751034999738
0.0,0.0,1.498,30.0,1751034999806
0.0,0.0,1.498,30.0,1751034999888
0.0,0.0,1.509,30.0,1751034999955
31.762161254882812,-97.12689971923828,1.509,30.0,1751035000000
0.0,0.0,1.509,30.0,1751035000022
0.0,0.0,1.498,30.0,1751035000087
0.0,0.0,1.498,30.0,1751035000188
0.0,0.0,1.509,30.0,1751035000221
0.0,0.0,1.509,30.0,1751035000356
0.0,0.0,1.509,30.0,1751035000389
0.0,0.0,1.509,30.0,1751035000439
0.0,0.0,1.509,30.0,1751035000505
0.0,0.0,1.509,30.0,1751035000588
0.0,0.0,1.509,30.0,1751035000640
0.0,0.0,1.519,30.0,1751035000722
0.0,0.0,1.509,30.0,1751035000788
0.0,0.0,1.509,30.0,1751035000855
0.0,0.0,1.509,30.0,1751035000938
31.762163162231445,-97.12689971923828,1.509,30.0,1751035001000
0.0,0.0,1.509,30.0,1751035001006
0.0,0.0,1.509,30.0,1751035001071
0.0,0.0,1.509,30.0,1751035001138
0.0,0.0,1.509,30.0,1751035001206
0.0,0.0,1.509,30.0,1751035001337
0.0,0.0,1.498,30.0,1751035001372
0.0,0.0,1.509,30.0,1751035001421
0.0,0.0,1.509,30.0,1751035001488
0.0,0.0,1.509,30.0,1751035001555
0.0,0.0,1.498,30.0,1751035001638
0.0,0.0,1.509,30.0,1751035001705
0.0,0.0,1.498,30.0,1751035001771
0.0,0.0,1.498,30.0,1751035001838
0.0,0.0,1.509,30.0,1751035001905
0.0,0.0,1.498,30.0,1751035001989
31.762163162231445,-97.12689971923828,1.498,30.0,1751035002000
0.0,0.0,1.498,30.0,1751035002055
0.0,0.0,1.509,30.0,1751035002121
0.0,0.0,1.519,30.0,1751035002188
0.0,0.0,1.519,30.0,1751035002255
0.0,0.0,1.519,30.0,1751035002388
0.0,0.0,1.519,30.0,1751035002422
0.0,0.0,1.519,30.0,1751035002471
0.0,0.0,1.519,30.0,1751035002538
0.0,0.0,1.519,30.0,1751035002605
0.0,0.0,1.519,30.0,1751035002688
0.0,0.0,1.519,30.0,1751035002755
0.0,0.0,1.519,30.0,1751035002822
0.0,0.0,1.519,30.0,1751035002888
0.0,0.0,1.519,30.0,1751035002955
31.762163162231445,-97.12689971923828,1.519,30.0,1751035003000
0.0,0.0,1.519,30.0,1751035003038
0.0,0.0,1.519,30.0,1751035003104
0.0,0.0,1.519,30.0,1751035003173
0.0,0.0,1.519,30.0,1751035003238
0.0,0.0,1.509,30.0,1751035003372
0.0,0.0,1.519,30.0,1751035003404
0.0,0.0,1.519,30.0,1751035003455
0.0,0.0,1.519,30.0,1751035003521
0.0,0.0,1.519,30.0,1751035003589
0.0,0.0,1.519,30.0,1751035003655
0.0,0.0,1.509,30.0,1751035003738
0.0,0.0,1.509,30.0,1751035003805
0.0,0.0,1.509,30.0,1751035003871
0.0,0.0,1.509,30.0,1751035003939
31.762163162231445,-97.12689971923828,1.509,30.0,1751035004000
0.0,0.0,1.509,30.0,1751035004006
0.0,0.0,1.519,30.0,1751035004087
0.0,0.0,1.509,30.0,1751035004156
0.0,0.0,1.509,30.0,1751035004297
0.0,0.0,1.509,30.0,1751035004337
0.0,0.0,1.488,30.0,1751035004370
0.0,0.0,1.509,30.0,1751035004437
0.0,0.0,1.509,30.0,1751035004504
0.0,0.0,1.509,30.0,1751035004570
0.0,0.0,1.498,30.0,1751035004637
0.0,0.0,1.519,30.0,1751035004703
0.0,0.0,1.519,30.0,1751035004772
0.0,0.0,1.509,30.0,1751035004854
0.0,0.0,1.498,30.0,1751035004921
0.0,0.0,1.509,30.0,1751035004988
31.762165069580078,-97.12689971923828,1.509,30.0,1751035005000
0.0,0.0,1.519,30.0,1751035005055
0.0,0.0,1.519,30.0,1751035005137
0.0,0.0,1.529,30.0,1751035005204
0.0,0.0,1.519,30.0,1751035005350
0.0,0.0,1.519,30.0,1751035005388
0.0,0.0,1.519,30.0,1751035005422
0.0,0.0,1.519,30.0,1751035005487
0.0,0.0,1.509,30.0,1751035005554
0.0,0.0,1.498,30.0,1751035005621
0.0,0.0,1.509,30.0,1751035005688
0.0,0.0,1.509,30.0,1751035005755
0.0,0.0,1.498,30.0,1751035005838
0.0,0.0,1.498,30.0,1751035005905
0.0,0.0,1.498,30.0,1751035005971
31.76216697692871,-97.12689971923828,1.498,30.0,1751035006000
0.0,0.0,1.498,30.0,1751035006038
0.0,0.0,1.488,30.0,1751035006103
0.0,0.0,1.488,30.0,1751035006193
0.0,0.0,1.498,30.0,1751035006324
0.0,0.0,1.498,30.0,1751035006356
0.0,0.0,1.498,30.0,1751035006387
0.0,0.0,1.498,30.0,1751035006455
0.0,0.0,1.498,30.0,1751035006539
0.0,0.0,1.498,30.0,1751035006605
0.0,0.0,1.498,30.0,1751035006671
0.0,0.0,1.509,30.0,1751035006738
0.0,0.0,1.509,30.0,1751035006804
0.0,0.0,1.498,30.0,1751035006888
0.0,0.0,1.498,30.0,1751035006955
31.762168884277344,-97.12690734863281,1.498,30.0,1751035007000
0.0,0.0,1.498,30.0,1751035007022
0.0,0.0,1.509,30.0,1751035007087
0.0,0.0,1.498,30.0,1751035007157
0.0,0.0,1.509,30.0,1751035007221
0.0,0.0,1.509,30.0,1751035007337
0.0,0.0,1.509,30.0,1751035007371
0.0,0.0,1.498,30.0,1751035007437
0.0,0.0,1.498,30.0,1751035007522
0.0,0.0,1.498,30.0,1751035007587
0.0,0.0,1.498,30.0,1751035007654
0.0,0.0,1.509,30.0,1751035007722
0.0,0.0,1.509,30.0,1751035007788
0.0,0.0,1.509,30.0,1751035007855
0.0,0.0,1.509,30.0,1751035007937
31.762168884277344,-97.12690734863281,1.509,30.0,1751035008000
0.0,0.0,1.509,30.0,1751035008005
0.0,0.0,1.509,30.0,1751035008070
0.0,0.0,1.509,30.0,1751035008137
0.0,0.0,1.498,30.0,1751035008204
0.0,0.0,1.498,30.0,1751035008354
0.0,0.0,1.498,30.0,1751035008421
0.0,0.0,1.498,30.0,1751035008487
0.0,0.0,1.509,30.0,1751035008570
0.0,0.0,1.498,30.0,1751035008637
0.0,0.0,1.498,30.0,1751035008704
0.0,0.0,1.498,30.0,1751035008771
0.0,0.0,1.498,30.0,1751035008837
0.0,0.0,1.498,30.0,1751035008905
0.0,0.0,1.498,30.0,1751035008972
31.762170791625977,-97.12690734863281,1.498,30.0,1751035009000
0.0,0.0,1.509,30.0,1751035009054
0.0,0.0,1.509,30.0,1751035009120
0.0,0.0,1.509,30.0,1751035009187
0.0,0.0,1.509,30.0,1751035009253
0.0,0.0,1.509,30.0,1751035009387
0.0,0.0,1.509,30.0,1751035009421
0.0,0.0,1.509,30.0,1751035009472
0.0,0.0,1.509,30.0,1751035009538
0.0,0.0,1.498,30.0,1751035009605
0.0,0.0,1.498,30.0,1751035009688
0.0,0.0,1.509,30.0,1751035009754
0.0,0.0,1.509,30.0,1751035009821
0.0,0.0,1.498,30.0,1751035009888
0.0,0.0,1.488,30.0,1751035009954
31.762170791625977,-97.12690734863281,1.488,30.0,1751035010000
0.0,0.0,1.488,30.0,1751035010038
0.0,0.0,1.488,30.0,1751035010103
0.0,0.0,1.488,30.0,1751035010173
0.0,0.0,1.498,30.0,1751035010238
0.0,0.0,1.498,30.0,1751035010370
0.0,0.0,1.509,30.0,1751035010454
0.0,0.0,1.509,30.0,1751035010520
0.0,0.0,1.509,30.0,1751035010588
0.0,0.0,1.509,30.0,1751035010655
0.0,0.0,1.509,30.0,1751035010738
0.0,0.0,1.509,30.0,1751035010805
0.0,0.0,1.509,30.0,1751035010871
0.0,0.0,1.519,30.0,1751035010938
31.76217269897461,-97.12690734863281,1.519,30.0,1751035011000
0.0,0.0,1.519,30.0,1751035011006
0.0,0.0,1.509,30.0,1751035011088
0.0,0.0,1.509,30.0,1751035011156
0.0,0.0,1.509,30.0,1751035011302
0.0,0.0,1.509,30.0,1751035011338
0.0,0.0,1.509,30.0,1751035011372
0.0,0.0,1.498,30.0,1751035011437
0.0,0.0,1.498,30.0,1751035011504
0.0,0.0,1.509,30.0,1751035011570
0.0,0.0,1.519,30.0,1751035011638
0.0,0.0,1.519,30.0,1751035011703
0.0,0.0,1.509,30.0,1751035011788
0.0,0.0,1.509,30.0,1751035011854
0.0,0.0,1.519,30.0,1751035011959
0.0,0.0,1.509,30.0,1751035011987
31.762174606323242,-97.12689971923828,1.509,30.0,1751035012000
0.0,0.0,1.509,30.0,1751035012054
0.0,0.0,1.509,30.0,1751035012137
0.0,0.0,1.509,30.0,1751035012204
0.0,0.0,1.519,30.0,1751035012347
0.0,0.0,1.519,30.0,1751035012387
0.0,0.0,1.509,30.0,1751035012420
0.0,0.0,1.509,30.0,1751035012487
0.0,0.0,1.509,30.0,1751035012554
0.0,0.0,1.509,30.0,1751035012621
0.0,0.0,1.509,30.0,1751035012686
0.0,0.0,1.509,30.0,1751035012753
0.0,0.0,1.519,30.0,1751035012837
0.0,0.0,1.519,30.0,1751035012904
0.0,0.0,1.519,30.0,1751035012970
31.762174606323242,-97.12689971923828,1.519,30.0,1751035013000
0.0,0.0,1.519,30.0,1751035013174
0.0,0.0,1.519,30.0,1751035013203
0.0,0.0,1.509,30.0,1751035013266
0.0,0.0,1.509,30.0,1751035013286
0.0,0.0,1.509,30.0,1751035013356
0.0,0.0,1.509,30.0,1751035013413
0.0,0.0,1.509,30.0,1751035013548
0.0,0.0,1.509,30.0,1751035013570
0.0,0.0,1.498,30.0,1751035013626
0.0,0.0,1.509,30.0,1751035013681
0.0,0.0,1.509,30.0,1751035013759
0.0,0.0,1.498,30.0,1751035013816
0.0,0.0,1.498,30.0,1751035013873
0.0,0.0,1.498,30.0,1751035013954
31.762176513671875,-97.12689971923828,1.498,30.0,1751035014000
0.0,0.0,1.498,30.0,1751035014023
0.0,0.0,1.509,30.0,1751035014096
0.0,0.0,1.509,30.0,1751035014182
0.0,0.0,1.519,30.0,1751035014239
0.0,0.0,1.509,30.0,1751035014389
0.0,0.0,1.519,30.0,1751035014420
0.0,0.0,1.519,30.0,1751035014477
0.0,0.0,1.519,30.0,1751035014529
0.0,0.0,1.498,30.0,1751035014585
0.0,0.0,1.509,30.0,1751035014640
0.0,0.0,1.519,30.0,1751035014719
0.0,0.0,1.529,30.0,1751035014792
0.0,0.0,1.529,30.0,1751035014870
0.0,0.0,1.509,30.0,1751035014939
31.762176513671875,-97.12689971923828,1.509,30.0,1751035015000
0.0,0.0,1.509,30.0,1751035015006
0.0,0.0,1.519,30.0,1751035015080
0.0,0.0,1.519,30.0,1751035015174
0.0,0.0,1.519,30.0,1751035015236
0.0,0.0,1.519,30.0,1751035015434
0.0,0.0,1.519,30.0,1751035015456
0.0,0.0,1.529,30.0,1751035015503
0.0,0.0,1.519,30.0,1751035015522
0.0,0.0,1.519,30.0,1751035015571
0.0,0.0,1.509,30.0,1751035015622
0.0,0.0,1.509,30.0,1751035015704
0.0,0.0,1.509,30.0,1751035015769
0.0,0.0,1.509,30.0,1751035015836
0.0,0.0,1.509,30.0,1751035015918
0.0,0.0,1.509,30.0,1751035015969
31.762176513671875,-97.12689971923828,1.509,30.0,1751035016000
0.0,0.0,1.509,30.0,1751035016054
0.0,0.0,1.498,30.0,1751035016119
0.0,0.0,1.498,30.0,1751035016202
0.0,0.0,1.498,30.0,1751035016288
0.0,0.0,1.498,30.0,1751035016409
0.0,0.0,1.509,30.0,1751035016437
0.0,0.0,1.509,30.0,1751035016492
0.0,0.0,1.509,30.0,1751035016543
0.0,0.0,1.519,30.0,1751035016620
0.0,0.0,1.509,30.0,1751035016687
0.0,0.0,1.509,30.0,1751035016770
0.0,0.0,1.519,30.0,1751035016827
0.0,0.0,1.519,30.0,1751035016886
0.0,0.0,1.519,30.0,1751035016953
31.762176513671875,-97.12689971923828,1.519,30.0,1751035017000
0.0,0.0,1.519,30.0,1751035017036
0.0,0.0,1.509,30.0,1751035017103
0.0,0.0,1.509,30.0,1751035017187
0.0,0.0,1.509,30.0,1751035017235
0.0,0.0,1.509,30.0,1751035017420
0.0,0.0,1.498,30.0,1751035017453
0.0,0.0,1.498,30.0,1751035017519
0.0,0.0,1.498,30.0,1751035017585
0.0,0.0,1.477,30.0,1751035017652
0.0,0.0,1.477,30.0,1751035017737
0.0,0.0,1.467,30.0,1751035017803
0.0,0.0,1.477,30.0,1751035017869
0.0,0.0,1.477,30.0,1751035017936
0.0,0.0,1.477,30.0,1751035018220
0.0,0.0,1.456,30.0,1751035018821
0.0,0.0,1.446,30.0,1751035018854
0.0,0.0,1.425,30.0,1751035018902
0.0,0.0,1.404,30.0,1751035018920
0.0,0.0,1.404,30.0,1751035018968
0.0,0.0,1.394,30.0,1751035018987
31.762170791625977,-97.12689971923828,1.394,30.0,1751035019000
0.0,0.0,1.394,30.0,1751035019203
0.0,0.0,1.384,30.0,1751035019503
0.0,0.0,1.363,30.0,1751035019562
0.0,0.0,1.352,30.0,1751035019619
0.0,0.0,1.363,30.0,1751035019903
0.0,0.0,1.394,30.0,1751035019970
31.762157440185547,-97.12690734863281,1.394,30.0,1751035020000
0.0,0.0,1.404,30.0,1751035020053
0.0,0.0,1.394,30.0,1751035020120
0.0,0.0,1.425,30.0,1751035020200
0.0,0.0,1.456,30.0,1751035020263
0.0,0.0,1.456,30.0,1751035020405
0.0,0.0,1.446,30.0,1751035020603
0.0,0.0,1.477,30.0,1751035020669
0.0,0.0,1.498,30.0,1751035020736
0.0,0.0,1.488,30.0,1751035020953
31.762144088745117,-97.12691497802734,1.488,30.0,1751035021000
0.0,0.0,1.488,30.0,1751035021019
0.0,0.0,1.456,30.0,1751035021219
0.0,0.0,1.404,30.0,1751035021386
0.0,0.0,1.394,30.0,1751035021420
0.0,0.0,1.384,30.0,1751035021469
0.0,0.0,1.384,30.0,1751035021515
0.0,0.0,1.415,30.0,1751035021587
0.0,0.0,1.456,30.0,1751035021654
0.0,0.0,1.456,30.0,1751035021720
0.0,0.0,1.394,30.0,1751035021786
0.0,0.0,1.352,30.0,1751035021870
0.0,0.0,1.363,30.0,1751035021936
31.76213264465332,-97.12692260742188,1.373,30.0,1751035022000
0.0,0.0,1.373,30.0,1751035022004
0.0,0.0,1.394,30.0,1751035022136
0.0,0.0,1.415,30.0,1751035022319
0.0,0.0,1.394,30.0,1751035022353
0.0,0.0,1.394,30.0,1751035022407
0.0,0.0,1.384,30.0,1751035022503
0.0,0.0,1.3,30.0,1751035022636
0.0,0.0,1.228,30.0,1751035022704
0.0,0.0,1.228,30.0,1751035022919
0.0,0.0,1.228,30.0,1751035022988
31.76212501525879,-97.12691497802734,1.228,30.0,1751035023000
0.0,0.0,1.196,30.0,1751035023052
0.0,0.0,1.175,30.0,1751035023121
0.0,0.0,1.155,30.0,1751035023200
0.0,0.0,1.103,30.0,1751035023366
0.0,0.0,1.061,30.0,1751035023412
0.0,0.0,1.113,30.0,1751035032536
0.0,0.0,1.134,30.0,1751035032769
0.0,0.0,1.155,30.0,1751035033052
0.0,0.0,1.238,30.0,1751035033151
0.0,0.0,1.311,30.0,1751035033368
0.0,0.0,1.352,30.0,1751035033468
0.0,0.0,1.415,30.0,1751035033529
0.0,0.0,1.477,30.0,1751035033587
0.0,0.0,1.55,30.0,1751035033647
0.0,0.0,1.613,30.0,1751035033734
0.0,0.0,1.675,30.0,1751035033803
0.0,0.0,1.717,30.0,1751035033869
0.0,0.0,1.685,30.0,1751035033940
0.0,0.0,1.696,30.0,1751035034050
0.0,0.0,1.706,30.0,1751035034105
0.0,0.0,1.706,30.0,1751035034167
0.0,0.0,1.706,30.0,1751035034209
0.0,0.0,1.696,30.0,1751035034285
0.0,0.0,1.685,30.0,1751035034435
0.0,0.0,1.665,30.0,1751035034501
0.0,0.0,1.654,30.0,1751035034573
0.0,0.0,1.654,30.0,1751035034638
0.0,0.0,1.623,30.0,1751035034701
0.0,0.0,1.613,30.0,1751035034784
0.0,0.0,1.623,30.0,1751035034851
0.0,0.0,1.644,30.0,1751035034917
0.0,0.0,1.665,30.0,1751035034984
0.0,0.0,1.696,30.0,1751035035051
0.0,0.0,1.727,30.0,1751035035134
0.0,0.0,1.748,30.0,1751035035207
0.0,0.0,1.769,30.0,1751035035267
0.0,0.0,1.79,30.0,1751035035337
0.0,0.0,1.79,30.0,1751035035387
0.0,0.0,1.8,30.0,1751035035468
0.0,0.0,1.8,30.0,1751035035551
0.0,0.0,1.81,30.0,1751035035619
0.0,0.0,1.81,30.0,1751035035684
0.0,0.0,1.81,30.0,1751035035751
0.0,0.0,1.8,30.0,1751035035834
0.0,0.0,1.8,30.0,1751035035901
0.0,0.0,1.8,30.0,1751035035968
31.76226806640625,-97.12653350830078,1.8,30.0,1751035036000
0.0,0.0,1.79,30.0,1751035036034
0.0,0.0,1.8,30.0,1751035036101
0.0,0.0,1.81,30.0,1751035036185
0.0,0.0,1.81,30.0,1751035036250
0.0,0.0,1.81,30.0,1751035036319
0.0,0.0,1.81,30.0,1751035036386
0.0,0.0,1.81,30.0,1751035036454
0.0,0.0,1.81,30.0,1751035036535
0.0,0.0,1.81,30.0,1751035036604
0.0,0.0,1.81,30.0,1751035036670
0.0,0.0,1.821,30.0,1751035036736
0.0,0.0,1.81,30.0,1751035036804
0.0,0.0,1.831,30.0,1751035036885
0.0,0.0,1.821,30.0,1751035036951
0.0,0.0,1.821,30.0,1751035037017
0.0,0.0,1.821,30.0,1751035037085
0.0,0.0,1.821,30.0,1751035037167
0.0,0.0,1.831,30.0,1751035037346
0.0,0.0,1.831,30.0,1751035037397
0.0,0.0,1.831,30.0,1751035037418
0.0,0.0,1.821,30.0,1751035037475
0.0,0.0,1.831,30.0,1751035037521
0.0,0.0,1.821,30.0,1751035037581
0.0,0.0,1.821,30.0,1751035037639
0.0,0.0,1.81,30.0,1751035037718
0.0,0.0,1.81,30.0,1751035037786
0.0,0.0,1.821,30.0,1751035037853
0.0,0.0,1.821,30.0,1751035037920
31.762252807617188,-97.1265640258789,1.81,30.0,1751035038000
0.0,0.0,1.81,30.0,1751035038001
0.0,0.0,1.81,30.0,1751035038071
0.0,0.0,1.81,30.0,1751035038138
0.0,0.0,1.81,30.0,1751035038210
0.0,0.0,1.821,30.0,1751035038272
0.0,0.0,1.81,30.0,1751035038352
0.0,0.0,1.81,30.0,1751035038423
0.0,0.0,1.81,30.0,1751035038487
0.0,0.0,1.831,30.0,1751035038553
0.0,0.0,1.831,30.0,1751035038619
0.0,0.0,1.821,30.0,1751035038701
0.0,0.0,1.831,30.0,1751035038769
0.0,0.0,1.821,30.0,1751035038837
0.0,0.0,1.81,30.0,1751035038918
0.0,0.0,1.831,30.0,1751035038987
31.76225471496582,-97.1265640258789,1.831,30.0,1751035039000
0.0,0.0,1.831,30.0,1751035039054
0.0,0.0,1.831,30.0,1751035039120
0.0,0.0,1.821,30.0,1751035039203
0.0,0.0,1.821,30.0,1751035039268
0.0,0.0,1.81,30.0,1751035039406
0.0,0.0,1.8,30.0,1751035039437
0.0,0.0,1.8,30.0,1751035039503
0.0,0.0,1.8,30.0,1751035039536
0.0,0.0,1.8,30.0,1751035039601
0.0,0.0,1.81,30.0,1751035039684
0.0,0.0,1.8,30.0,1751035039752
0.0,0.0,1.79,30.0,1751035039817
0.0,0.0,1.779,30.0,1751035039885
31.762252807617188,-97.1265640258789,1.779,30.0,1751035040000
0.0,0.0,1.779,30.0,1751035040718
0.0,0.0,1.8,30.0,1751035040785
0.0,0.0,1.79,30.0,1751035041117
0.0,0.0,1.8,30.0,1751035041184
0.0,0.0,1.821,30.0,1751035041557
0.0,0.0,1.81,30.0,1751035041984
31.76225471496582,-97.1265640258789,1.81,30.0,1751035042000
0.0,0.0,1.81,30.0,1751035042285
0.0,0.0,1.821,30.0,1751035042318
0.0,0.0,1.81,30.0,1751035042352
0.0,0.0,1.81,30.0,1751035042384
0.0,0.0,1.821,30.0,1751035042418
0.0,0.0,1.831,30.0,1751035042450
0.0,0.0,1.831,30.0,1751035042485
0.0,0.0,1.81,30.0,1751035042517
0.0,0.0,1.81,30.0,1751035042551
0.0,0.0,1.81,30.0,1751035042584
0.0,0.0,1.81,30.0,1751035042618
0.0,0.0,1.81,30.0,1751035042651
0.0,0.0,1.8,30.0,1751035042685
0.0,0.0,1.8,30.0,1751035042718
0.0,0.0,1.81,30.0,1751035042752
0.0,0.0,1.81,30.0,1751035042784
0.0,0.0,1.8,30.0,1751035042818
31.76225471496582,-97.1265640258789,1.81,30.0,1751035043000
0.0,0.0,1.81,30.0,1751035043084
0.0,0.0,1.821,30.0,1751035043118
0.0,0.0,1.831,30.0,1751035043188
0.0,0.0,1.831,30.0,1751035043250
0.0,0.0,1.831,30.0,1751035043383
0.0,0.0,1.842,30.0,1751035043484
0.0,0.0,1.842,30.0,1751035043535
0.0,0.0,1.852,30.0,1751035043601
0.0,0.0,1.842,30.0,1751035043667
0.0,0.0,1.862,30.0,1751035043751
0.0,0.0,1.842,30.0,1751035043818
31.762256622314453,-97.1265640258789,1.842,30.0,1751035044000
0.0,0.0,1.842,30.0,1751035044018
0.0,0.0,1.862,30.0,1751035044083
0.0,0.0,1.862,30.0,1751035044117
0.0,0.0,1.862,30.0,1751035044170
0.0,0.0,1.852,30.0,1751035044311
0.0,0.0,1.852,30.0,1751035044351
0.0,0.0,1.842,30.0,1751035044384
0.0,0.0,1.852,30.0,1751035044618
0.0,0.0,1.842,30.0,1751035044700
0.0,0.0,1.831,30.0,1751035044801
0.0,0.0,1.821,30.0,1751035044852
0.0,0.0,1.821,30.0,1751035044885
0.0,0.0,1.821,30.0,1751035044951
31.762256622314453,-97.12657165527344,1.8,30.0,1751035045000
0.0,0.0,1.8,30.0,1751035045002
0.0,0.0,1.79,30.0,1751035045067
0.0,0.0,1.79,30.0,1751035045134
0.0,0.0,1.8,30.0,1751035045292
0.0,0.0,1.79,30.0,1751035045317
0.0,0.0,1.79,30.0,1751035045351
0.0,0.0,1.779,30.0,1751035045416
0.0,0.0,1.79,30.0,1751035045484
0.0,0.0,1.8,30.0,1751035045567
0.0,0.0,1.8,30.0,1751035045634
0.0,0.0,1.79,30.0,1751035045700
0.0,0.0,1.79,30.0,1751035045767
0.0,0.0,1.8,30.0,1751035045834
0.0,0.0,1.81,30.0,1751035045918
0.0,0.0,1.821,30.0,1751035045984
31.76226043701172,-97.12657165527344,1.821,30.0,1751035046000
0.0,0.0,1.821,30.0,1751035046050
0.0,0.0,1.81,30.0,1751035046133
0.0,0.0,1.81,30.0,1751035046200
0.0,0.0,1.81,30.0,1751035046340
0.0,0.0,1.81,30.0,1751035046384
0.0,0.0,1.79,30.0,1751035046417
0.0,0.0,1.8,30.0,1751035046468
0.0,0.0,1.79,30.0,1751035046534
0.0,0.0,1.81,30.0,1751035046617
0.0,0.0,1.81,30.0,1751035046684
0.0,0.0,1.79,30.0,1751035046751
0.0,0.0,1.779,30.0,1751035046817
0.0,0.0,1.8,30.0,1751035046883
0.0,0.0,1.81,30.0,1751035046967
31.762256622314453,-97.12657165527344,1.81,30.0,1751035047000
0.0,0.0,1.81,30.0,1751035047034
0.0,0.0,1.81,30.0,1751035047100
0.0,0.0,1.81,30.0,1751035047169
0.0,0.0,1.81,30.0,1751035047233
0.0,0.0,1.8,30.0,1751035047367
0.0,0.0,1.8,30.0,1751035047450
0.0,0.0,1.8,30.0,1751035047517
0.0,0.0,1.81,30.0,1751035047583
0.0,0.0,1.81,30.0,1751035047650
0.0,0.0,1.81,30.0,1751035047735
0.0,0.0,1.8,30.0,1751035047802
0.0,0.0,1.79,30.0,1751035047867
0.0,0.0,1.8,30.0,1751035047934
31.762258529663086,-97.12657165527344,1.8,30.0,1751035048000
0.0,0.0,1.8,30.0,1751035048001
0.0,0.0,1.8,30.0,1751035048083
0.0,0.0,1.8,30.0,1751035048153
0.0,0.0,1.8,30.0,1751035048292
0.0,0.0,1.79,30.0,1751035048334
0.0,0.0,1.779,30.0,1751035048367
0.0,0.0,1.79,30.0,1751035048433
0.0,0.0,1.8,30.0,1751035048500
0.0,0.0,1.8,30.0,1751035048567
0.0,0.0,1.8,30.0,1751035048635
0.0,0.0,1.8,30.0,1751035048717
0.0,0.0,1.8,30.0,1751035048934
0.0,0.0,1.81,30.0,1751035048984
31.762258529663086,-97.12657165527344,1.81,30.0,1751035049000
0.0,0.0,1.81,30.0,1751035049067
0.0,0.0,1.8,30.0,1751035049133
0.0,0.0,1.81,30.0,1751035049199
0.0,0.0,1.821,30.0,1751035049267
0.0,0.0,1.821,30.0,1751035049400
0.0,0.0,1.821,30.0,1751035049433
0.0,0.0,1.821,30.0,1751035049484
0.0,0.0,1.81,30.0,1751035049551
0.0,0.0,1.81,30.0,1751035049617
0.0,0.0,1.821,30.0,1751035049718
0.0,0.0,1.821,30.0,1751035049785
0.0,0.0,1.821,30.0,1751035049851
0.0,0.0,1.821,30.0,1751035049902
0.0,0.0,1.81,30.0,1751035049967
31.76226043701172,-97.12657928466797,1.81,30.0,1751035050000
0.0,0.0,1.81,30.0,1751035050050
0.0,0.0,1.8,30.0,1751035050117
0.0,0.0,1.8,30.0,1751035050188
0.0,0.0,1.8,30.0,1751035050250
0.0,0.0,1.81,30.0,1751035050383
0.0,0.0,1.821,30.0,1751035050416
0.0,0.0,1.821,30.0,1751035050467
0.0,0.0,1.8,30.0,1751035050533
0.0,0.0,1.81,30.0,1751035050600
0.0,0.0,1.8,30.0,1751035050667
0.0,0.0,1.81,30.0,1751035050750
0.0,0.0,1.81,30.0,1751035050817
0.0,0.0,1.81,30.0,1751035050884
0.0,0.0,1.821,30.0,1751035050950
31.76226234436035,-97.12657928466797,1.821,30.0,1751035051000
0.0,0.0,1.821,30.0,1751035051017
0.0,0.0,1.821,30.0,1751035051083
0.0,0.0,1.81,30.0,1751035051171
0.0,0.0,1.81,30.0,1751035051217
0.0,0.0,1.81,30.0,1751035051350
0.0,0.0,1.8,30.0,1751035051383
0.0,0.0,1.8,30.0,1751035051434
0.0,0.0,1.8,30.0,1751035051517
0.0,0.0,1.8,30.0,1751035051583
0.0,0.0,1.8,30.0,1751035051649
0.0,0.0,1.8,30.0,1751035051717
0.0,0.0,1.79,30.0,1751035051817
0.0,0.0,1.79,30.0,1751035051867
0.0,0.0,1.8,30.0,1751035051934
0.0,0.0,1.8,30.0,1751035052000
31.762264251708984,-97.12657928466797,1.8,30.0,1751035052000
0.0,0.0,1.8,30.0,1751035052067
0.0,0.0,1.8,30.0,1751035052133
0.0,0.0,1.8,30.0,1751035052200
0.0,0.0,1.81,30.0,1751035052333
0.0,0.0,1.821,30.0,1751035052366
0.0,0.0,1.821,30.0,1751035052417
0.0,0.0,1.821,30.0,1751035052483
0.0,0.0,1.821,30.0,1751035052567
0.0,0.0,1.821,30.0,1751035052650
0.0,0.0,1.821,30.0,1751035052701
0.0,0.0,1.821,30.0,1751035052767
0.0,0.0,1.81,30.0,1751035052834
0.0,0.0,1.821,30.0,1751035052917
0.0,0.0,1.81,30.0,1751035052983
31.762266159057617,-97.12657928466797,1.81,30.0,1751035053000
0.0,0.0,1.821,30.0,1751035053049
0.0,0.0,1.81,30.0,1751035053116
0.0,0.0,1.81,30.0,1751035053183
0.0,0.0,1.81,30.0,1751035053249
0.0,0.0,1.81,30.0,1751035053467
0.0,0.0,1.81,30.0,1751035053500
0.0,0.0,1.81,30.0,1751035053534
0.0,0.0,1.821,30.0,1751035053633
0.0,0.0,1.81,30.0,1751035053667
0.0,0.0,1.821,30.0,1751035053700
0.0,0.0,1.81,30.0,1751035053783
0.0,0.0,1.821,30.0,1751035053816
0.0,0.0,1.81,30.0,1751035053883
0.0,0.0,1.81,30.0,1751035053950
31.76226806640625,-97.12657928466797,1.81,30.0,1751035054000
0.0,0.0,1.81,30.0,1751035054033
0.0,0.0,1.81,30.0,1751035054099
0.0,0.0,1.81,30.0,1751035054169
0.0,0.0,1.81,30.0,1751035054233
0.0,0.0,1.81,30.0,1751035054366
0.0,0.0,1.81,30.0,1751035054400
0.0,0.0,1.821,30.0,1751035054450
0.0,0.0,1.821,30.0,1751035054516
0.0,0.0,1.821,30.0,1751035054583
0.0,0.0,1.821,30.0,1751035054649
0.0,0.0,1.831,30.0,1751035054733
0.0,0.0,1.842,30.0,1751035054801
0.0,0.0,1.831,30.0,1751035054867
0.0,0.0,1.842,30.0,1751035054934
0.0,0.0,1.842,30.0,1751035055000
31.762266159057617,-97.12657928466797,1.842,30.0,1751035055000
0.0,0.0,1.831,30.0,1751035055082
0.0,0.0,1.831,30.0,1751035055149
0.0,0.0,1.831,30.0,1751035055289
0.0,0.0,1.831,30.0,1751035055316
0.0,0.0,1.831,30.0,1751035055350
0.0,0.0,1.831,30.0,1751035055433
0.0,0.0,1.831,30.0,1751035055500
0.0,0.0,1.831,30.0,1751035055566
0.0,0.0,1.821,30.0,1751035055633
0.0,0.0,1.821,30.0,1751035055700
0.0,0.0,1.821,30.0,1751035055783
0.0,0.0,1.831,30.0,1751035055850
0.0,0.0,1.842,30.0,1751035055917
0.0,0.0,1.842,30.0,1751035055983
31.76226806640625,-97.12657928466797,1.842,30.0,1751035056000
0.0,0.0,1.831,30.0,1751035056066
0.0,0.0,1.842,30.0,1751035056133
0.0,0.0,1.842,30.0,1751035056199
0.0,0.0,1.842,30.0,1751035056266
0.0,0.0,1.842,30.0,1751035056399
0.0,0.0,1.842,30.0,1751035056432
0.0,0.0,1.842,30.0,1751035056483
0.0,0.0,1.842,30.0,1751035056549
0.0,0.0,1.842,30.0,1751035056617
0.0,0.0,1.831,30.0,1751035056683
0.0,0.0,1.831,30.0,1751035056749
0.0,0.0,1.831,30.0,1751035056832
0.0,0.0,1.831,30.0,1751035056899
0.0,0.0,1.821,30.0,1751035056967
31.76226806640625,-97.12657928466797,1.821,30.0,1751035057000
0.0,0.0,1.81,30.0,1751035057066
0.0,0.0,1.81,30.0,1751035057099
0.0,0.0,1.81,30.0,1751035057183
0.0,0.0,1.81,30.0,1751035057249
0.0,0.0,1.81,30.0,1751035057399
0.0,0.0,1.821,30.0,1751035057433
0.0,0.0,1.821,30.0,1751035057467
0.0,0.0,1.821,30.0,1751035057633
0.0,0.0,1.821,30.0,1751035057666
0.0,0.0,1.821,30.0,1751035057750
0.0,0.0,1.821,30.0,1751035057817
0.0,0.0,1.831,30.0,1751035057900
0.0,0.0,1.831,30.0,1751035057950
31.762269973754883,-97.12657928466797,1.831,30.0,1751035058000
0.0,0.0,1.831,30.0,1751035058016
0.0,0.0,1.831,30.0,1751035058099
0.0,0.0,1.842,30.0,1751035058168
0.0,0.0,1.842,30.0,1751035058307
0.0,0.0,1.831,30.0,1751035058350
0.0,0.0,1.831,30.0,1751035058383
0.0,0.0,1.831,30.0,1751035058449
0.0,0.0,1.831,30.0,1751035058583
0.0,0.0,1.831,30.0,1751035058650
0.0,0.0,1.831,30.0,1751035058716
0.0,0.0,1.831,30.0,1751035058783
0.0,0.0,1.831,30.0,1751035058866
0.0,0.0,1.831,30.0,1751035058933
0.0,0.0,1.821,30.0,1751035059000
31.762269973754883,-97.12657928466797,1.821,30.0,1751035059000
0.0,0.0,1.821,30.0,1751035059066
0.0,0.0,1.821,30.0,1751035059148
0.0,0.0,1.821,30.0,1751035059299
0.0,0.0,1.821,30.0,1751035059332
0.0,0.0,1.821,30.0,1751035059367
0.0,0.0,1.821,30.0,1751035059432
0.0,0.0,1.842,30.0,1751035059499
0.0,0.0,1.831,30.0,1751035059566
0.0,0.0,1.831,30.0,1751035059650
0.0,0.0,1.831,30.0,1751035059700
0.0,0.0,1.842,30.0,1751035059766
0.0,0.0,1.852,30.0,1751035059850
0.0,0.0,1.842,30.0,1751035059917
0.0,0.0,1.842,30.0,1751035059983
31.762269973754883,-97.12657928466797,1.842,30.0,1751035060000
0.0,0.0,1.842,30.0,1751035060050
0.0,0.0,1.852,30.0,1751035060149
0.0,0.0,1.852,30.0,1751035060200
0.0,0.0,1.842,30.0,1751035060340
0.0,0.0,1.842,30.0,1751035060383
0.0,0.0,1.842,30.0,1751035060416
0.0,0.0,1.842,30.0,1751035060466
0.0,0.0,1.831,30.0,1751035060549
0.0,0.0,1.821,30.0,1751035060616
0.0,0.0,1.831,30.0,1751035060682
0.0,0.0,1.831,30.0,1751035060749
0.0,0.0,1.831,30.0,1751035060816
0.0,0.0,1.831,30.0,1751035060900
0.0,0.0,1.81,30.0,1751035060966
31.762269973754883,-97.12657928466797,1.81,30.0,1751035061000
0.0,0.0,1.81,30.0,1751035061033
0.0,0.0,1.8,30.0,1751035061132
0.0,0.0,1.8,30.0,1751035061187
0.0,0.0,1.8,30.0,1751035061233
0.0,0.0,1.8,30.0,1751035061366
0.0,0.0,1.81,30.0,1751035061399
0.0,0.0,1.821,30.0,1751035061449
0.0,0.0,1.821,30.0,1751035061649
0.0,0.0,1.81,30.0,1751035061682
0.0,0.0,1.81,30.0,1751035061733
0.0,0.0,1.81,30.0,1751035061816
0.0,0.0,1.821,30.0,1751035061883
0.0,0.0,1.831,30.0,1751035061949
0.0,0.0,1.831,30.0,1751035062149
0.0,0.0,1.831,30.0,1751035062248
0.0,0.0,1.821,30.0,1751035062916
0.0,0.0,1.821,30.0,1751035062950
0.0,0.0,1.821,30.0,1751035062984
31.76226806640625,-97.1265869140625,1.821,30.0,1751035063000
0.0,0.0,1.821,30.0,1751035063016
0.0,0.0,1.821,30.0,1751035063050
0.0,0.0,1.831,30.0,1751035063084
0.0,0.0,1.831,30.0,1751035063117
0.0,0.0,1.831,30.0,1751035063150
0.0,0.0,1.821,30.0,1751035063215
0.0,0.0,1.81,30.0,1751035063266
0.0,0.0,1.81,30.0,1751035063366
0.0,0.0,1.821,30.0,1751035063566
0.0,0.0,1.821,30.0,1751035063633
31.76226806640625,-97.1265869140625,1.821,30.0,1751035064000
0.0,0.0,1.831,30.0,1751035064483
0.0,0.0,1.821,30.0,1751035064581
0.0,0.0,1.821,30.0,1751035064756
0.0,0.0,1.831,30.0,1751035064800
0.0,0.0,1.831,30.0,1751035064882
0.0,0.0,1.831,30.0,1751035064966
31.76226806640625,-97.1265869140625,1.831,30.0,1751035065000
0.0,0.0,1.831,30.0,1751035065082
0.0,0.0,1.842,30.0,1751035065265
0.0,0.0,1.862,30.0,1751035065374
0.0,0.0,1.862,30.0,1751035065399
0.0,0.0,1.852,30.0,1751035065416
0.0,0.0,1.852,30.0,1751035065450
0.0,0.0,1.852,30.0,1751035065482
0.0,0.0,1.852,30.0,1751035065616
0.0,0.0,1.852,30.0,1751035065650
0.0,0.0,1.852,30.0,1751035065684
0.0,0.0,1.862,30.0,1751035065716
0.0,0.0,1.852,30.0,1751035065750
0.0,0.0,1.862,30.0,1751035065782
0.0,0.0,1.852,30.0,1751035065817
0.0,0.0,1.852,30.0,1751035065849
0.0,0.0,1.852,30.0,1751035065883
0.0,0.0,1.852,30.0,1751035065916
0.0,0.0,1.852,30.0,1751035065950
0.0,0.0,1.842,30.0,1751035065982
31.76226806640625,-97.1265869140625,1.842,30.0,1751035066000
0.0,0.0,1.842,30.0,1751035066016
0.0,0.0,1.842,30.0,1751035066065
0.0,0.0,1.842,30.0,1751035066132
0.0,0.0,1.831,30.0,1751035066216
0.0,0.0,1.852,30.0,1751035066348
0.0,0.0,1.842,30.0,1751035066382
0.0,0.0,1.842,30.0,1751035066432
0.0,0.0,1.842,30.0,1751035066482
0.0,0.0,1.831,30.0,1751035066566
0.0,0.0,1.831,30.0,1751035066632
0.0,0.0,1.842,30.0,1751035066699
0.0,0.0,1.842,30.0,1751035066765
0.0,0.0,1.852,30.0,1751035066832
0.0,0.0,1.852,30.2,1751035066917
0.0,0.0,1.852,30.2,1751035066982
31.76226806640625,-97.1265869140625,1.852,30.2,1751035067000
0.0,0.0,1.852,30.2,1751035067048
0.0,0.0,1.852,30.2,1751035067115
0.0,0.0,1.852,30.2,1751035067198
0.0,0.0,1.852,30.2,1751035067339
0.0,0.0,1.852,30.2,1751035067382
0.0,0.0,1.852,30.2,1751035067415
0.0,0.0,1.842,30.2,1751035067482
0.0,0.0,1.831,30.2,1751035067532
0.0,0.0,1.831,30.2,1751035067600
0.0,0.0,1.821,30.2,1751035067682
0.0,0.0,1.821,30.2,1751035067749
0.0,0.0,1.821,30.2,1751035067850
0.0,0.0,1.821,30.2,1751035067882
0.0,0.0,1.821,30.2,1751035067949
31.762266159057617,-97.1265869140625,1.821,30.2,1751035068000
0.0,0.0,1.821,30.2,1751035068032
0.0,0.0,1.821,30.2,1751035068098
0.0,0.0,1.821,30.2,1751035068167
0.0,0.0,1.81,30.2,1751035068232
0.0,0.0,1.81,30.2,1751035068365
0.0,0.0,1.81,30.2,1751035068398
0.0,0.0,1.81,30.2,1751035068465
0.0,0.0,1.81,30.2,1751035068599
0.0,0.0,1.8,30.2,1751035068649
0.0,0.0,1.8,30.2,1751035068732
0.0,0.0,1.8,30.2,1751035068834
0.0,0.0,1.779,30.2,1751035069365
0.0,0.0,1.769,30.2,1751035069399
0.0,0.0,1.779,30.2,1751035069432
0.0,0.0,1.779,30.2,1751035069565
0.0,0.0,1.79,30.2,1751035069656
0.0,0.0,1.779,30.2,1751035069748
0.0,0.0,1.779,30.2,1751035069781
31.762266159057617,-97.12659454345703,1.779,30.2,1751035070000
0.0,0.0,1.779,30.2,1751035070231
0.0,0.0,1.779,30.2,1751035070265
0.0,0.0,1.779,30.2,1751035070299
0.0,0.0,1.769,30.2,1751035070372
0.0,0.0,1.779,30.2,1751035070415
0.0,0.0,1.79,30.2,1751035070649
0.0,0.0,1.79,30.2,1751035070699
0.0,0.0,1.79,30.2,1751035070765
0.0,0.0,1.779,30.2,1751035070832
0.0,0.0,1.769,30.2,1751035070899
0.0,0.0,1.769,30.2,1751035070983
31.762266159057617,-97.12659454345703,1.769,30.2,1751035071000
0.0,0.0,1.758,30.2,1751035071049
0.0,0.0,1.748,30.2,1751035071114
0.0,0.0,1.748,30.2,1751035071181
0.0,0.0,1.748,30.2,1751035071248
0.0,0.0,1.748,30.2,1751035071381
0.0,0.0,1.748,30.2,1751035071415
0.0,0.0,1.748,30.2,1751035071465
0.0,0.0,1.748,30.2,1751035071531
0.0,0.0,1.748,30.2,1751035071648
0.0,0.0,1.758,30.2,1751035071682
0.0,0.0,1.758,30.2,1751035071732
0.0,0.0,1.748,30.2,1751035071815
0.0,0.0,1.748,30.2,1751035071898
0.0,0.0,1.748,30.2,1751035071949
31.762264251708984,-97.12660217285156,1.758,30.2,1751035072000
0.0,0.0,1.758,30.2,1751035072015
0.0,0.0,1.758,30.2,1751035072081
0.0,0.0,1.758,30.2,1751035072186
0.0,0.0,1.758,30.2,1751035072305
0.0,0.0,1.748,30.2,1751035072348
0.0,0.0,1.748,30.2,1751035072381
0.0,0.0,1.737,30.2,1751035072431
0.0,0.0,1.737,30.2,1751035072531
0.0,0.0,1.737,30.2,1751035072582
0.0,0.0,1.748,30.2,1751035072648
0.0,0.0,1.748,30.2,1751035072715
0.0,0.0,1.758,30.2,1751035072782
0.0,0.0,1.758,30.2,1751035072849
0.0,0.0,1.758,30.0,1751035072948
0.0,0.0,1.758,30.0,1751035072998
31.762264251708984,-97.1266098022461,1.758,30.0,1751035073000
0.0,0.0,1.758,30.0,1751035073065
0.0,0.0,1.769,30.0,1751035073131
0.0,0.0,1.758,30.0,1751035073214
0.0,0.0,1.769,30.0,1751035073353
0.0,0.0,1.769,30.0,1751035073398
0.0,0.0,1.769,30.0,1751035073431
0.0,0.0,1.758,30.0,1751035073482
0.0,0.0,1.758,30.0,1751035073564
0.0,0.0,1.748,30.0,1751035073632
0.0,0.0,1.748,30.0,1751035073698
0.0,0.0,1.748,30.0,1751035073765
0.0,0.0,1.748,30.0,1751035073832
0.0,0.0,1.737,30.0,1751035073915
0.0,0.0,1.748,30.0,1751035073982
31.76226234436035,-97.12662506103516,1.748,30.0,1751035074000
0.0,0.0,1.758,30.0,1751035074187
0.0,0.0,1.748,30.0,1751035074264
0.0,0.0,1.748,30.0,1751035074331
0.0,0.0,1.748,30.0,1751035074470
0.0,0.0,1.758,30.0,1751035074515
0.0,0.0,1.758,30.0,1751035074548
0.0,0.0,1.769,30.0,1751035074614
0.0,0.0,1.779,30.0,1751035074681
0.0,0.0,1.779,30.0,1751035074748
0.0,0.0,1.779,30.0,1751035074831
0.0,0.0,1.779,30.0,1751035074915
0.0,0.0,1.779,30.0,1751035074965
31.76226234436035,-97.12662506103516,1.769,30.0,1751035075000
0.0,0.0,1.769,30.0,1751035075032
0.0,0.0,1.769,30.0,1751035075098
0.0,0.0,1.769,30.0,1751035075197
0.0,0.0,1.769,30.0,1751035075329
0.0,0.0,1.769,30.0,1751035075365
0.0,0.0,1.779,30.0,1751035075398
0.0,0.0,1.779,30.0,1751035075449
0.0,0.0,1.779,30.0,1751035075515
0.0,0.0,1.779,30.0,1751035075582
0.0,0.0,1.79,30.0,1751035075665
0.0,0.0,1.8,30.0,1751035075732
0.0,0.0,1.8,30.0,1751035075882
0.0,0.0,1.81,30.0,1751035075915
0.0,0.0,1.821,30.0,1751035075999
31.762264251708984,-97.12663269042969,1.821,30.0,1751035076000
0.0,0.0,1.821,30.0,1751035076032
0.0,0.0,1.821,30.0,1751035076331
0.0,0.0,1.831,30.0,1751035076364
0.0,0.0,1.831,30.0,1751035076399
0.0,0.0,1.842,30.0,1751035076431
0.0,0.0,1.852,30.0,1751035076465
0.0,0.0,1.842,30.0,1751035076497
0.0,0.0,1.842,30.0,1751035076564
0.0,0.0,1.842,30.0,1751035076631
0.0,0.0,1.842,30.0,1751035076715
0.0,0.0,1.842,30.0,1751035076782
0.0,0.0,1.842,30.0,1751035076848
0.0,0.0,1.842,30.0,1751035076916
0.0,0.0,1.831,30.0,1751035076982
31.762264251708984,-97.12663269042969,1.831,30.0,1751035077000
0.0,0.0,1.831,30.0,1751035077048
0.0,0.0,1.842,30.0,1751035077130
0.0,0.0,1.842,30.0,1751035077199
0.0,0.0,1.831,30.0,1751035077340
0.0,0.0,1.831,30.0,1751035077382
0.0,0.0,1.831,30.0,1751035077416
0.0,0.0,1.831,30.0,1751035077482
0.0,0.0,1.842,30.0,1751035077548
0.0,0.0,1.842,30.0,1751035077614
0.0,0.0,1.842,30.0,1751035077681
0.0,0.0,1.842,30.0,1751035077748
0.0,0.0,1.852,30.0,1751035077831
0.0,0.0,1.842,30.0,1751035077898
31.762266159057617,-97.12663269042969,1.842,30.0,1751035078000
0.0,0.0,1.842,30.0,1751035078035
0.0,0.0,1.842,30.0,1751035078097
0.0,0.0,1.842,30.0,1751035078186
0.0,0.0,1.842,30.0,1751035078330
0.0,0.0,1.842,30.0,1751035078365
0.0,0.0,1.852,30.0,1751035078398
0.0,0.0,1.852,30.0,1751035078448
0.0,0.0,1.852,30.0,1751035078599
0.0,0.0,1.842,30.0,1751035078632
0.0,0.0,1.852,30.0,1751035078764
0.0,0.0,1.852,30.0,1751035078798
31.76226806640625,-97.12663269042969,1.852,30.0,1751035079000
0.0,0.0,1.852,30.0,1751035079031
0.0,0.0,1.862,30.0,1751035079214
0.0,0.0,1.862,30.0,1751035079321
0.0,0.0,1.862,30.0,1751035079364
0.0,0.0,1.862,30.0,1751035079398
0.0,0.0,1.862,30.0,1751035079432
0.0,0.0,1.852,30.0,1751035079514
0.0,0.0,1.852,30.0,1751035079581
0.0,0.0,1.852,30.0,1751035079648
0.0,0.0,1.852,30.0,1751035079714
0.0,0.0,1.852,30.0,1751035079781
0.0,0.0,1.852,30.0,1751035079865
0.0,0.0,1.842,30.0,1751035079931
0.0,0.0,1.842,30.0,1751035079997
31.76226806640625,-97.12663269042969,1.842,30.0,1751035080000
0.0,0.0,1.842,30.0,1751035080064
0.0,0.0,1.842,30.0,1751035080147
0.0,0.0,1.842,30.0,1751035080247
0.0,0.0,1.842,30.0,1751035080681
0.0,0.0,1.862,30.0,1751035080714
31.762269973754883,-97.12664031982422,1.862,30.0,1751035081000
0.0,0.0,1.862,30.0,1751035081014
0.0,0.0,1.852,30.0,1751035081147
0.0,0.0,1.842,30.0,1751035081186
0.0,0.0,1.831,30.0,1751035081215
0.0,0.0,1.831,30.0,1751035081331
0.0,0.0,1.831,30.0,1751035081397
0.0,0.0,1.831,30.0,1751035081480
0.0,0.0,1.831,30.0,1751035081514
0.0,0.0,1.821,30.0,1751035081548
0.0,0.0,1.821,30.0,1751035081614
0.0,0.0,1.821,30.0,1751035081681
0.0,0.0,1.8,30.0,1751035081748
0.0,0.0,1.8,30.0,1751035081815
0.0,0.0,1.81,30.0,1751035081882
0.0,0.0,1.81,30.0,1751035081964
31.76226806640625,-97.12664031982422,1.81,30.0,1751035082000
0.0,0.0,1.81,30.0,1751035082031
0.0,0.0,1.8,30.0,1751035082097
0.0,0.0,1.8,30.0,1751035082197
0.0,0.0,1.81,30.0,1751035082319
0.0,0.0,1.81,30.0,1751035082364
0.0,0.0,1.821,30.0,1751035082397
0.0,0.0,1.821,30.0,1751035082514
0.0,0.0,1.81,30.0,1751035082581
0.0,0.0,1.821,30.0,1751035082647
0.0,0.0,1.821,30.0,1751035082730
0.0,0.0,1.81,30.0,1751035082797
0.0,0.0,1.821,30.0,1751035082864
0.0,0.0,1.821,30.0,1751035082931
31.76226806640625,-97.12664031982422,1.831,30.0,1751035083000
0.0,0.0,1.831,30.0,1751035083014
0.0,0.0,1.831,30.0,1751035083096
0.0,0.0,1.831,30.0,1751035083147
0.0,0.0,1.821,30.0,1751035083214
0.0,0.0,1.81,30.0,1751035083347
0.0,0.0,1.81,30.0,1751035083381
0.0,0.0,1.821,30.0,1751035083431
0.0,0.0,1.831,30.0,1751035083497
0.0,0.0,1.831,30.0,1751035083565
0.0,0.0,1.831,30.0,1751035083630
0.0,0.0,1.831,30.0,1751035083713
0.0,0.0,1.821,30.0,1751035083781
0.0,0.0,1.821,30.0,1751035083847
0.0,0.0,1.821,30.0,1751035083948
31.76226806640625,-97.12664031982422,1.81,30.0,1751035084000
0.0,0.0,1.81,30.0,1751035084031
0.0,0.0,1.821,30.0,1751035084097
0.0,0.0,1.821,30.0,1751035084185
0.0,0.0,1.821,30.0,1751035084324
0.0,0.0,1.81,30.0,1751035084414
0.0,0.0,1.81,30.0,1751035084480
0.0,0.0,1.81,30.0,1751035084547
0.0,0.0,1.8,30.0,1751035084630
0.0,0.0,1.821,30.0,1751035084698
0.0,0.0,1.831,30.0,1751035084764
0.0,0.0,1.821,30.0,1751035084831
0.0,0.0,1.831,30.2,1751035084916
0.0,0.0,1.831,30.2,1751035084980
31.76226806640625,-97.12664031982422,1.831,30.2,1751035085000
0.0,0.0,1.842,30.2,1751035085047
0.0,0.0,1.831,30.2,1751035085113
0.0,0.0,1.852,30.2,1751035085197
0.0,0.0,1.862,30.2,1751035085247
0.0,0.0,1.862,30.2,1751035085363
0.0,0.0,1.862,30.2,1751035085447
0.0,0.0,1.873,30.2,1751035085514
0.0,0.0,1.862,30.2,1751035085597
0.0,0.0,1.852,30.2,1751035085664
0.0,0.0,1.873,30.2,1751035085747
0.0,0.0,1.862,30.2,1751035085831
0.0,0.0,1.862,30.2,1751035085931
31.762269973754883,-97.12664031982422,1.862,30.2,1751035086000
0.0,0.0,1.862,30.2,1751035086030
0.0,0.0,1.862,30.2,1751035086130
0.0,0.0,1.852,30.2,1751035086363
0.0,0.0,1.852,30.2,1751035086413
0.0,0.0,1.842,30.2,1751035086496
0.0,0.0,1.842,30.2,1751035086898
31.762269973754883,-97.12664031982422,1.842,30.2,1751035087000
0.0,0.0,1.831,30.2,1751035087631
0.0,0.0,1.831,30.0,1751035087929
0.0,0.0,1.831,30.0,1751035087966
0.0,0.0,1.831,30.0,1751035088013
0.0,0.0,1.831,30.0,1751035088312
0.0,0.0,1.831,30.0,1751035088363
0.0,0.0,1.831,30.0,1751035088447
0.0,0.0,1.821,30.0,1751035088647
0.0,0.0,1.831,30.0,1751035088730
31.762271881103516,-97.12664031982422,1.821,30.0,1751035089000
0.0,0.0,1.821,30.0,1751035089014
0.0,0.0,1.821,30.0,1751035089314
0.0,0.0,1.852,30.0,1751035089347
0.0,0.0,1.842,30.0,1751035089381
0.0,0.0,1.842,30.0,1751035089413
0.0,0.0,1.852,30.0,1751035089447
0.0,0.0,1.852,30.0,1751035089480
0.0,0.0,1.842,30.0,1751035089514
0.0,0.0,1.852,30.0,1751035089547
0.0,0.0,1.842,30.0,1751035089581
31.76227378845215,-97.12664031982422,1.842,30.0,1751035090000
0.0,0.0,1.842,30.0,1751035090080
0.0,0.0,1.842,30.0,1751035090131
0.0,0.0,1.862,30.0,1751035090165
0.0,0.0,1.852,30.0,1751035090197
0.0,0.0,1.831,30.0,1751035090229
0.0,0.0,1.831,30.0,1751035090380
0.0,0.0,1.831,30.0,1751035090413
0.0,0.0,1.831,30.0,1751035090447
0.0,0.0,1.831,30.0,1751035090497
0.0,0.0,1.842,30.0,1751035090797
0.0,0.0,1.831,30.2,1751035098413
0.0,0.0,1.821,30.2,1751035099012
0.0,0.0,1.81,30.2,1751035105029
0.0,0.0,1.81,30.2,1751035105346
0.0,0.0,1.8,30.2,1751035106629
0.0,0.0,1.79,30.2,1751035106662
0.0,0.0,1.79,30.2,1751035108679
31.762222290039062,-97.126708984375,1.779,30.2,1751035110000
0.0,0.0,1.779,30.2,1751035110328
0.0,0.0,1.779,30.2,1751035110362
0.0,0.0,1.758,30.2,1751035110396
0.0,0.0,1.758,30.2,1751035110428
0.0,0.0,1.737,30.2,1751035110462
0.0,0.0,1.737,30.2,1751035110495
0.0,0.0,1.737,30.2,1751035110545
0.0,0.0,1.727,30.2,1751035110578
0.0,0.0,1.727,30.2,1751035110613
0.0,0.0,1.737,30.2,1751035110645
0.0,0.0,1.748,30.2,1751035110679
0.0,0.0,1.737,30.2,1751035110711
0.0,0.0,1.727,30.2,1751035110745
0.0,0.0,1.737,30.2,1751035110778
0.0,0.0,1.748,30.2,1751035110812
0.0,0.0,1.737,30.2,1751035110878
0.0,0.0,1.748,30.2,1751035110911
0.0,0.0,1.737,30.2,1751035110978
0.0,0.0,1.748,30.2,1751035111045
0.0,0.0,1.748,30.2,1751035111912
0.0,0.0,1.737,30.2,1751035111962
0.0,0.0,1.737,30.2,1751035112895
0.0,0.0,1.717,30.2,1751035112928
0.0,0.0,1.727,30.2,1751035112962
0.0,0.0,1.727,30.2,1751035112995
31.762208938598633,-97.1267318725586,1.727,30.2,1751035113000
0.0,0.0,1.727,30.2,1751035113062
0.0,0.0,1.717,30.2,1751035113144
0.0,0.0,1.717,30.2,1751035113194
0.0,0.0,1.717,30.2,1751035113227
0.0,0.0,1.717,30.2,1751035113328
0.0,0.0,1.706,30.2,1751035113362
0.0,0.0,1.706,30.2,1751035113445
0.0,0.0,1.696,30.2,1751035113495
0.0,0.0,1.696,30.2,1751035113561
0.0,0.0,1.706,30.2,1751035113661
0.0,0.0,1.706,30.2,1751035113778
0.0,0.0,1.706,30.2,1751035113845
31.76220703125,-97.1267318725586,1.706,30.2,1751035114000
0.0,0.0,1.706,30.2,1751035114011
0.0,0.0,1.706,30.2,1751035114062
0.0,0.0,1.706,30.2,1751035114127
0.0,0.0,1.717,30.2,1751035114194
0.0,0.0,1.706,30.2,1751035114328
0.0,0.0,1.717,30.2,1751035114361
0.0,0.0,1.717,30.2,1751035114545
0.0,0.0,1.717,30.2,1751035114578
0.0,0.0,1.717,30.2,1751035114612
0.0,0.0,1.717,30.2,1751035114828
0.0,0.0,1.717,30.2,1751035114861
0.0,0.0,1.717,30.2,1751035114895
31.762203216552734,-97.12673950195312,1.717,30.2,1751035115000
0.0,0.0,1.717,30.2,1751035115062
0.0,0.0,1.706,30.2,1751035115095
0.0,0.0,1.706,30.2,1751035115194
0.0,0.0,1.696,30.2,1751035115545
0.0,0.0,1.696,30.2,1751035115895
0.0,0.0,1.696,30.2,1751035115929
0.0,0.0,1.696,30.2,1751035115962
31.7622013092041,-97.12674713134766,1.696,30.2,1751035116000
0.0,0.0,1.696,30.2,1751035116427
0.0,0.0,1.685,30.2,1751035116610
0.0,0.0,1.685,30.2,1751035116710
0.0,0.0,1.696,30.2,1751035116978
31.76219940185547,-97.12674713134766,1.696,30.2,1751035117000
0.0,0.0,1.685,30.2,1751035117028
0.0,0.0,1.685,30.2,1751035117110
0.0,0.0,1.685,30.2,1751035117146
0.0,0.0,1.685,30.2,1751035117178
0.0,0.0,1.685,30.2,1751035117210
0.0,0.0,1.675,30.2,1751035117377
0.0,0.0,1.675,30.2,1751035117411
0.0,0.0,1.675,30.2,1751035117445
0.0,0.0,1.675,30.2,1751035117495
0.0,0.0,1.675,30.2,1751035117577
0.0,0.0,1.665,30.2,1751035117628
0.0,0.0,1.665,30.2,1751035117711
0.0,0.0,1.675,30.2,1751035117778
0.0,0.0,1.675,30.2,1751035117845
0.0,0.0,1.675,30.2,1751035117911
0.0,0.0,1.675,30.2,1751035117978
31.762195587158203,-97.12674713134766,1.675,30.2,1751035118000
0.0,0.0,1.685,30.2,1751035118061
0.0,0.0,1.675,30.2,1751035118210
0.0,0.0,1.675,30.2,1751035118411
0.0,0.0,1.685,30.2,1751035118545
0.0,0.0,1.685,30.2,1751035118611
0.0,0.0,1.685,30.2,1751035118644
0.0,0.0,1.685,30.2,1751035118678
0.0,0.0,1.685,30.2,1751035118744
0.0,0.0,1.685,30.2,1751035118944
0.0,0.0,1.696,30.2,1751035118978
31.76219367980957,-97.12675476074219,1.696,30.2,1751035119000
0.0,0.0,1.696,30.2,1751035119028
0.0,0.0,1.696,30.2,1751035119093
0.0,0.0,1.696,30.2,1751035119165
0.0,0.0,1.696,30.2,1751035119228
0.0,0.0,1.717,30.2,1751035119361
0.0,0.0,1.717,30.2,1751035119394
0.0,0.0,1.717,30.2,1751035119445
0.0,0.0,1.737,30.2,1751035119511
0.0,0.0,1.737,30.2,1751035119578
0.0,0.0,1.748,30.2,1751035119678
0.0,0.0,1.758,30.2,1751035119729
0.0,0.0,1.748,30.2,1751035119794
0.0,0.0,1.758,30.2,1751035119860
0.0,0.0,1.758,30.2,1751035119961
31.762197494506836,-97.12677001953125,1.758,30.2,1751035120000
0.0,0.0,1.769,30.2,1751035120112
0.0,0.0,1.779,30.2,1751035120144
0.0,0.0,1.779,30.2,1751035120261
0.0,0.0,1.769,30.2,1751035120294
0.0,0.0,1.779,30.2,1751035120414
0.0,0.0,1.769,30.2,1751035120511
0.0,0.0,1.758,30.2,1751035120545
0.0,0.0,1.758,30.2,1751035120678
0.0,0.0,1.758,30.2,1751035120711
0.0,0.0,1.758,30.2,1751035120745
0.0,0.0,1.758,30.2,1751035120778
0.0,0.0,1.748,30.2,1751035120861
0.0,0.0,1.758,30.2,1751035120911
0.0,0.0,1.748,30.2,1751035120977
31.762189865112305,-97.12675476074219,1.748,30.2,1751035121000
0.0,0.0,1.737,30.2,1751035121060
0.0,0.0,1.748,30.2,1751035121127
0.0,0.0,1.748,30.2,1751035121194
0.0,0.0,1.758,30.2,1751035121261
0.0,0.0,1.758,30.2,1751035121394
0.0,0.0,1.769,30.2,1751035121428
0.0,0.0,1.769,30.2,1751035121494
0.0,0.0,1.779,30.2,1751035121545
0.0,0.0,1.769,30.2,1751035121611
0.0,0.0,1.779,30.2,1751035121678
0.0,0.0,1.779,30.2,1751035121744
0.0,0.0,1.79,30.2,1751035121844
0.0,0.0,1.79,30.2,1751035121895
0.0,0.0,1.79,30.2,1751035121962
31.762187957763672,-97.12676239013672,1.79,30.2,1751035122000
0.0,0.0,1.79,30.2,1751035122027
0.0,0.0,1.779,30.2,1751035122111
0.0,0.0,1.779,30.2,1751035122181
0.0,0.0,1.779,30.2,1751035122328
0.0,0.0,1.758,30.2,1751035122361
0.0,0.0,1.758,30.2,1751035122395
0.0,0.0,1.758,30.2,1751035122445
0.0,0.0,1.758,30.2,1751035122528
0.0,0.0,1.758,30.2,1751035122594
0.0,0.0,1.748,30.2,1751035122661
0.0,0.0,1.769,30.2,1751035122728
0.0,0.0,1.769,30.2,1751035122812
0.0,0.0,1.769,30.2,1751035122944
0.0,0.0,1.769,30.2,1751035122977
31.76218605041504,-97.12676239013672,1.769,30.2,1751035123000
0.0,0.0,1.769,30.2,1751035123111
0.0,0.0,1.779,30.2,1751035123144
0.0,0.0,1.779,30.2,1751035123210
0.0,0.0,1.779,30.2,1751035123419
0.0,0.0,1.769,30.2,1751035123444
0.0,0.0,1.769,30.2,1751035123479
0.0,0.0,1.758,30.2,1751035123528
0.0,0.0,1.769,30.2,1751035123561
0.0,0.0,1.758,30.2,1751035123595
0.0,0.0,1.758,30.2,1751035123645
0.0,0.0,1.758,30.2,1751035123711
0.0,0.0,1.779,30.2,1751035123778
0.0,0.0,1.758,30.2,1751035123844
0.0,0.0,1.758,30.2,1751035123927
0.0,0.0,1.758,30.2,1751035123994
31.76218605041504,-97.12676239013672,1.758,30.2,1751035124000
0.0,0.0,1.769,30.2,1751035124061
0.0,0.0,1.769,30.2,1751035124127
0.0,0.0,1.769,30.2,1751035124194
0.0,0.0,1.769,30.2,1751035124360
0.0,0.0,1.769,30.2,1751035124395
0.0,0.0,1.79,30.2,1751035124427
0.0,0.0,1.79,30.2,1751035124478
0.0,0.0,1.79,30.2,1751035124544
0.0,0.0,1.779,30.2,1751035124611
0.0,0.0,1.79,30.2,1751035124694
0.0,0.0,1.779,30.2,1751035124761
0.0,0.0,1.79,30.2,1751035124827
0.0,0.0,1.779,30.2,1751035124894
0.0,0.0,1.79,30.2,1751035124961
31.762187957763672,-97.12676239013672,1.79,30.2,1751035125000
0.0,0.0,1.779,30.2,1751035125044
0.0,0.0,1.779,30.2,1751035125110
0.0,0.0,1.779,30.2,1751035125211
0.0,0.0,1.769,30.2,1751035125245
0.0,0.0,1.769,30.2,1751035125394
0.0,0.0,1.758,30.2,1751035125428
0.0,0.0,1.769,30.2,1751035125462
0.0,0.0,1.769,30.2,1751035125527
0.0,0.0,1.758,30.2,1751035125594
0.0,0.0,1.758,30.2,1751035125661
0.0,0.0,1.758,30.2,1751035125744
0.0,0.0,1.758,30.2,1751035125811
0.0,0.0,1.758,30.2,1751035125878
31.76218605041504,-97.12676239013672,1.758,30.2,1751035126000
0.0,0.0,1.758,30.2,1751035126027
0.0,0.0,1.758,30.2,1751035126094
0.0,0.0,1.758,30.2,1751035126163
0.0,0.0,1.779,30.2,1751035126228
0.0,0.0,1.8,30.2,1751035126378
0.0,0.0,1.779,30.2,1751035126411
0.0,0.0,1.79,30.2,1751035126445
0.0,0.0,1.779,30.2,1751035126511
0.0,0.0,1.779,30.2,1751035126560
0.0,0.0,1.779,30.2,1751035126644
0.0,0.0,1.758,30.2,1751035126727
0.0,0.0,1.769,30.2,1751035126794
0.0,0.0,1.769,30.2,1751035126861
0.0,0.0,1.758,30.2,1751035126927
0.0,0.0,1.758,30.2,1751035126994
31.76218605041504,-97.12676239013672,1.758,30.2,1751035127000
0.0,0.0,1.727,30.2,1751035127061
0.0,0.0,1.717,30.2,1751035127144
0.0,0.0,1.717,30.2,1751035127210
0.0,0.0,1.706,30.2,1751035127361
0.0,0.0,1.706,30.2,1751035127394
0.0,0.0,1.717,30.2,1751035127427
0.0,0.0,1.706,30.2,1751035127494
0.0,0.0,1.717,30.2,1751035127561
0.0,0.0,1.727,30.2,1751035127627
0.0,0.0,1.717,30.2,1751035127727
0.0,0.0,1.717,30.2,1751035127761
0.0,0.0,1.727,30.2,1751035127844
0.0,0.0,1.737,30.2,1751035127911
0.0,0.0,1.748,30.2,1751035127977
31.762184143066406,-97.12676239013672,1.748,30.2,1751035128000
0.0,0.0,1.748,30.2,1751035128044
0.0,0.0,1.737,30.2,1751035128110
0.0,0.0,1.748,30.2,1751035128193
0.0,0.0,1.748,30.2,1751035128345
0.0,0.0,1.758,30.2,1751035128394
0.0,0.0,1.758,30.2,1751035128427
0.0,0.0,1.737,30.2,1751035128461
0.0,0.0,1.737,30.2,1751035128544
0.0,0.0,1.748,30.2,1751035128611
0.0,0.0,1.727,30.2,1751035128677
0.0,0.0,1.727,30.2,1751035128744
0.0,0.0,1.727,30.2,1751035128811
0.0,0.0,1.737,30.2,1751035128894
0.0,0.0,1.748,30.2,1751035128960
31.762184143066406,-97.12676239013672,1.748,30.2,1751035129000
0.0,0.0,1.748,30.2,1751035129027
0.0,0.0,1.737,30.2,1751035129094
0.0,0.0,1.727,30.2,1751035129323
0.0,0.0,1.727,30.2,1751035129360
0.0,0.0,1.737,30.2,1751035129393
0.0,0.0,1.769,30.2,1751035129460
0.0,0.0,1.779,30.2,1751035129528
0.0,0.0,1.779,30.2,1751035129593
0.0,0.0,1.779,30.2,1751035129677
0.0,0.0,1.779,30.2,1751035129728
0.0,0.0,1.779,30.2,1751035129810
0.0,0.0,1.769,30.2,1751035129877
0.0,0.0,1.769,30.2,1751035129977
31.762184143066406,-97.12676239013672,1.769,30.2,1751035130000
0.0,0.0,1.769,30.2,1751035130077
0.0,0.0,1.769,30.2,1751035130143
0.0,0.0,1.769,30.2,1751035130227
0.0,0.0,1.748,30.2,1751035130385
0.0,0.0,1.706,30.2,1751035130411
0.0,0.0,1.706,30.2,1751035130445
0.0,0.0,1.706,30.2,1751035130510
0.0,0.0,1.706,30.2,1751035130577
0.0,0.0,1.696,30.2,1751035130644
0.0,0.0,1.685,30.2,1751035130710
0.0,0.0,1.685,30.2,1751035130777
0.0,0.0,1.685,30.2,1751035130860
0.0,0.0,1.696,30.2,1751035130927
0.0,0.0,1.696,30.2,1751035130994
31.762184143066406,-97.12676239013672,1.696,30.2,1751035131000
0.0,0.0,1.696,30.2,1751035131060
0.0,0.0,1.727,30.2,1751035131127
0.0,0.0,1.737,30.2,1751035131193
0.0,0.0,1.737,30.2,1751035131360
0.0,0.0,1.748,30.2,1751035131394
0.0,0.0,1.748,30.2,1751035131427
0.0,0.0,1.758,30.2,1751035131477
0.0,0.0,1.758,30.2,1751035131545
0.0,0.0,1.769,30.2,1751035131627
0.0,0.0,1.758,30.2,1751035131694
0.0,0.0,1.748,30.2,1751035131760
0.0,0.0,1.727,30.2,1751035131827
0.0,0.0,1.737,30.2,1751035131910
31.762184143066406,-97.12677001953125,1.717,30.2,1751035132000
0.0,0.0,1.717,30.2,1751035132010
0.0,0.0,1.717,30.2,1751035132043
0.0,0.0,1.717,30.2,1751035132110
0.0,0.0,1.706,30.2,1751035132178
0.0,0.0,1.706,30.2,1751035132344
0.0,0.0,1.696,30.2,1751035132444
0.0,0.0,1.706,30.2,1751035132477
0.0,0.0,1.685,30.2,1751035132544
0.0,0.0,1.685,30.2,1751035132610
0.0,0.0,1.685,30.2,1751035132961
31.762184143066406,-97.12677001953125,1.685,30.2,1751035133000
0.0,0.0,1.696,30.2,1751035133210
0.0,0.0,1.696,30.2,1751035133243
0.0,0.0,1.706,30.2,1751035133393
0.0,0.0,1.717,30.2,1751035133509
0.0,0.0,1.717,30.2,1751035133527
0.0,0.0,1.717,30.2,1751035133560
0.0,0.0,1.727,30.2,1751035133594
0.0,0.0,1.727,30.2,1751035133660
0.0,0.0,1.727,30.2,1751035133727
0.0,0.0,1.737,30.2,1751035133793
0.0,0.0,1.748,30.2,1751035133860
0.0,0.0,1.748,30.2,1751035133927
31.762184143066406,-97.12677001953125,1.748,30.2,1751035134000
0.0,0.0,1.748,30.2,1751035134011
0.0,0.0,1.748,30.2,1751035134143
0.0,0.0,1.748,30.2,1751035134209
0.0,0.0,1.748,30.2,1751035134343
0.0,0.0,1.758,30.2,1751035134377
0.0,0.0,1.758,30.2,1751035134427
0.0,0.0,1.758,30.2,1751035134494
0.0,0.0,1.758,30.2,1751035134560
0.0,0.0,1.769,30.2,1751035134627
0.0,0.0,1.769,30.2,1751035134694
0.0,0.0,1.769,30.2,1751035134777
0.0,0.0,1.769,30.2,1751035134844
0.0,0.0,1.758,30.2,1751035134910
0.0,0.0,1.758,30.2,1751035134977
31.76218605041504,-97.12677001953125,1.758,30.2,1751035135000
0.0,0.0,1.769,30.2,1751035135043
0.0,0.0,1.769,30.2,1751035135126
0.0,0.0,1.769,30.2,1751035135193
0.0,0.0,1.758,30.2,1751035135260
0.0,0.0,1.769,30.2,1751035135394
0.0,0.0,1.769,30.2,1751035135427
0.0,0.0,1.758,30.2,1751035135477
0.0,0.0,1.758,30.2,1751035135543
0.0,0.0,1.758,30.2,1751035135610
0.0,0.0,1.769,30.2,1751035135677
0.0,0.0,1.769,30.2,1751035135744
0.0,0.0,1.769,30.2,1751035135827
0.0,0.0,1.758,30.2,1751035135893
0.0,0.0,1.769,30.2,1751035135960
31.76218605041504,-97.12677764892578,1.769,30.2,1751035136000
0.0,0.0,1.769,30.2,1751035136027
0.0,0.0,1.769,30.2,1751035136094
0.0,0.0,1.769,30.2,1751035136181
0.0,0.0,1.769,30.2,1751035136326
0.0,0.0,1.79,30.2,1751035136360
0.0,0.0,1.8,30.2,1751035136393
0.0,0.0,1.79,30.2,1751035136444
0.0,0.0,1.779,30.2,1751035136510
0.0,0.0,1.779,30.2,1751035136593
0.0,0.0,1.779,30.2,1751035136661
0.0,0.0,1.779,30.2,1751035136711
31.76218605041504,-97.12677764892578,1.779,30.2,1751035137000
0.0,0.0,1.779,30.2,1751035137110
0.0,0.0,1.758,30.2,1751035137276
0.0,0.0,1.758,30.2,1751035137727
31.762184143066406,-97.12677764892578,1.758,30.2,1751035138000
0.0,0.0,1.758,30.2,1751035138110
0.0,0.0,1.748,30.2,1751035138209
0.0,0.0,1.717,30.2,1751035138460
0.0,0.0,1.706,30.2,1751035138510
0.0,0.0,1.706,30.2,1751035138610
0.0,0.0,1.696,30.2,1751035138776
0.0,0.0,1.685,30.2,1751035138876
0.0,0.0,1.696,30.2,1751035138927
31.762184143066406,-97.12677764892578,1.675,30.2,1751035139000
0.0,0.0,1.675,30.2,1751035139009
0.0,0.0,1.685,30.2,1751035139209
0.0,0.0,1.685,30.2,1751035139327
0.0,0.0,1.675,30.2,1751035139377
0.0,0.0,1.675,30.2,1751035139443
0.0,0.0,1.665,30.2,1751035139476
0.0,0.0,1.675,30.2,1751035139511
0.0,0.0,1.685,30.2,1751035139543
0.0,0.0,1.675,30.2,1751035139577
0.0,0.0,1.685,30.2,1751035139610
0.0,0.0,1.685,30.2,1751035139644
0.0,0.0,1.675,30.2,1751035139676
0.0,0.0,1.675,30.2,1751035139710
0.0,0.0,1.675,30.2,1751035139743
0.0,0.0,1.675,30.2,1751035139777
0.0,0.0,1.665,30.2,1751035139810
0.0,0.0,1.665,30.2,1751035139844
0.0,0.0,1.665,30.2,1751035139893
0.0,0.0,1.654,30.2,1751035139976
31.762182235717773,-97.12677764892578,1.654,30.2,1751035140000
0.0,0.0,1.654,30.2,1751035140076
0.0,0.0,1.665,30.2,1751035140180
0.0,0.0,1.665,30.2,1751035140276
0.0,0.0,1.665,30.2,1751035140393
0.0,0.0,1.665,30.2,1751035140493
0.0,0.0,1.654,30.2,1751035140660
0.0,0.0,1.644,30.2,1751035140909
31.762176513671875,-97.12677764892578,1.644,30.2,1751035141000
0.0,0.0,1.644,30.2,1751035141076
0.0,0.0,1.644,30.2,1751035141109
0.0,0.0,1.654,30.2,1751035141143
0.0,0.0,1.644,30.2,1751035141181
0.0,0.0,1.644,30.2,1751035141210
0.0,0.0,1.644,30.2,1751035141243
0.0,0.0,1.633,30.2,1751035141277
0.0,0.0,1.623,30.2,1751035141381
0.0,0.0,1.623,30.2,1751035141410
0.0,0.0,1.623,30.2,1751035141443
0.0,0.0,1.623,30.2,1751035141493
0.0,0.0,1.623,30.2,1751035141560
0.0,0.0,1.623,30.2,1751035141693
0.0,0.0,1.613,30.2,1751035141776
0.0,0.0,1.623,30.2,1751035141843
0.0,0.0,1.613,30.2,1751035141876
0.0,0.0,1.613,30.2,1751035141911
0.0,0.0,1.613,30.2,1751035141993
31.762170791625977,-97.12678527832031,1.613,30.2,1751035142000
0.0,0.0,1.623,30.2,1751035142059
0.0,0.0,1.623,30.2,1751035142126
0.0,0.0,1.633,30.2,1751035142192
0.0,0.0,1.633,30.2,1751035142259
0.0,0.0,1.633,30.2,1751035142409
0.0,0.0,1.633,30.2,1751035142444
0.0,0.0,1.633,30.2,1751035142493
0.0,0.0,1.633,30.2,1751035142543
0.0,0.0,1.644,30.2,1751035142609
0.0,0.0,1.644,30.2,1751035142676
0.0,0.0,1.644,30.2,1751035142759
0.0,0.0,1.644,30.2,1751035142827
0.0,0.0,1.633,30.2,1751035142893
0.0,0.0,1.613,30.2,1751035142959
31.762170791625977,-97.12678527832031,1.613,30.2,1751035143000
0.0,0.0,1.613,30.2,1751035143026
0.0,0.0,1.633,30.2,1751035143092
0.0,0.0,1.623,30.2,1751035143175
0.0,0.0,1.623,30.2,1751035143320
0.0,0.0,1.613,30.2,1751035143360
0.0,0.0,1.602,30.2,1751035143392
0.0,0.0,1.602,30.2,1751035143443
0.0,0.0,1.602,30.2,1751035143526
0.0,0.0,1.613,30.2,1751035143593
0.0,0.0,1.613,30.2,1751035143659
0.0,0.0,1.613,30.2,1751035143726
0.0,0.0,1.613,30.2,1751035143793
0.0,0.0,1.613,30.2,1751035143943
31.762163162231445,-97.12679290771484,1.602,30.2,1751035144000
0.0,0.0,1.602,30.2,1751035144026
0.0,0.0,1.602,30.2,1751035144076
0.0,0.0,1.602,30.2,1751035144142
0.0,0.0,1.602,30.2,1751035144209
0.0,0.0,1.613,30.2,1751035144376
0.0,0.0,1.602,30.2,1751035144409
0.0,0.0,1.602,30.2,1751035144460
0.0,0.0,1.592,30.2,1751035144493
0.0,0.0,1.592,30.2,1751035144576
0.0,0.0,1.592,30.2,1751035144642
0.0,0.0,1.602,30.2,1751035144709
0.0,0.0,1.602,30.2,1751035144776
0.0,0.0,1.602,30.2,1751035144842
0.0,0.0,1.592,30.2,1751035144926
0.0,0.0,1.592,30.2,1751035144993
31.762163162231445,-97.1268081665039,1.592,30.2,1751035145000
0.0,0.0,1.592,30.2,1751035145059
0.0,0.0,1.592,30.2,1751035145126
0.0,0.0,1.602,30.2,1751035145192
0.0,0.0,1.602,30.2,1751035145276
0.0,0.0,1.602,30.2,1751035145409
0.0,0.0,1.602,30.2,1751035145442
0.0,0.0,1.602,30.2,1751035145477
0.0,0.0,1.602,30.2,1751035145626
0.0,0.0,1.592,30.2,1751035145692
0.0,0.0,1.592,30.2,1751035145759
0.0,0.0,1.592,30.2,1751035145826
0.0,0.0,1.581,30.2,1751035145892
0.0,0.0,1.581,30.2,1751035145976
31.762163162231445,-97.12681579589844,1.581,30.2,1751035146000
0.0,0.0,1.571,30.2,1751035146043
0.0,0.0,1.55,30.2,1751035146109
0.0,0.0,1.55,30.2,1751035146180
0.0,0.0,1.561,30.2,1751035146376
0.0,0.0,1.561,30.2,1751035146409
0.0,0.0,1.55,30.2,1751035146459
0.0,0.0,1.55,30.2,1751035146526
0.0,0.0,1.55,30.2,1751035146592
0.0,0.0,1.54,30.2,1751035146660
0.0,0.0,1.54,30.2,1751035146742
0.0,0.0,1.54,30.2,1751035146809
0.0,0.0,1.55,30.2,1751035146876
0.0,0.0,1.55,30.2,1751035146943
31.762161254882812,-97.12682342529297,1.55,30.2,1751035147000
0.0,0.0,1.54,30.2,1751035147181
0.0,0.0,1.54,30.2,1751035147226
0.0,0.0,1.54,30.2,1751035147375
0.0,0.0,1.54,30.2,1751035147510
0.0,0.0,1.55,30.2,1751035147542
0.0,0.0,1.55,30.2,1751035147676
0.0,0.0,1.54,30.2,1751035147709
0.0,0.0,1.54,30.2,1751035147743
0.0,0.0,1.54,30.2,1751035147792
0.0,0.0,1.54,30.2,1751035147859
0.0,0.0,1.55,30.2,1751035147926
0.0,0.0,1.54,30.2,1751035147992
31.762157440185547,-97.1268310546875,1.54,30.2,1751035148000
0.0,0.0,1.529,30.2,1751035148075
0.0,0.0,1.529,30.2,1751035148142
0.0,0.0,1.54,30.2,1751035148275
0.0,0.0,1.54,30.2,1751035148409
0.0,0.0,1.54,30.2,1751035148442
0.0,0.0,1.529,30.2,1751035148493
0.0,0.0,1.529,30.2,1751035148559
0.0,0.0,1.519,30.2,1751035148709
0.0,0.0,1.519,30.2,1751035148775
0.0,0.0,1.519,30.2,1751035148842
0.0,0.0,1.519,30.2,1751035148909
0.0,0.0,1.519,30.2,1751035148976
31.762157440185547,-97.12683868408203,1.519,30.2,1751035149000
0.0,0.0,1.519,30.2,1751035149042
0.0,0.0,1.519,30.2,1751035149125
0.0,0.0,1.519,30.2,1751035149192
0.0,0.0,1.519,30.2,1751035149270
0.0,0.0,1.519,30.2,1751035149392
0.0,0.0,1.519,30.2,1751035149426
0.0,0.0,1.519,30.2,1751035149476
0.0,0.0,1.519,30.2,1751035149542
0.0,0.0,1.529,30.2,1751035149609
0.0,0.0,1.519,30.2,1751035149675
0.0,0.0,1.519,30.2,1751035149759
0.0,0.0,1.519,30.2,1751035149825
0.0,0.0,1.509,30.2,1751035149893
0.0,0.0,1.509,30.2,1751035149959
31.762155532836914,-97.12684631347656,1.509,30.2,1751035150000
0.0,0.0,1.509,30.2,1751035150025
0.0,0.0,1.498,30.2,1751035150092
0.0,0.0,1.498,30.2,1751035150180
0.0,0.0,1.498,30.2,1751035150225
0.0,0.0,1.498,30.2,1751035150358
0.0,0.0,1.488,30.2,1751035150392
0.0,0.0,1.488,30.2,1751035150442
0.0,0.0,1.488,30.2,1751035150525
0.0,0.0,1.498,30.2,1751035150593
0.0,0.0,1.498,30.2,1751035150659
0.0,0.0,1.498,30.2,1751035150725
0.0,0.0,1.498,30.2,1751035150792
0.0,0.0,1.498,30.2,1751035150875
0.0,0.0,1.498,30.2,1751035150942
31.76215362548828,-97.1268539428711,1.498,30.2,1751035151000
0.0,0.0,1.498,30.2,1751035151009
0.0,0.0,1.498,30.2,1751035151075
0.0,0.0,1.488,30.2,1751035151142
0.0,0.0,1.488,30.2,1751035151208
0.0,0.0,1.488,30.2,1751035151342
0.0,0.0,1.488,30.2,1751035151375
0.0,0.0,1.467,30.2,1751035151442
0.0,0.0,1.467,30.2,1751035151492
0.0,0.0,1.467,30.2,1751035151575
0.0,0.0,1.477,30.2,1751035151642
0.0,0.0,1.477,30.2,1751035151709
0.0,0.0,1.477,30.2,1751035151776
0.0,0.0,1.477,30.2,1751035151842
0.0,0.0,1.477,30.2,1751035151926
0.0,0.0,1.467,30.2,1751035151993
31.76215171813965,-97.1268539428711,1.467,30.2,1751035152000
0.0,0.0,1.467,30.2,1751035152059
0.0,0.0,1.467,30.2,1751035152125
0.0,0.0,1.467,30.2,1751035152191
0.0,0.0,1.477,30.2,1751035152275
0.0,0.0,1.467,30.2,1751035152408
0.0,0.0,1.467,30.2,1751035152442
0.0,0.0,1.456,30.2,1751035152476
0.0,0.0,1.446,30.2,1751035152542
0.0,0.0,1.446,30.2,1751035152625
0.0,0.0,1.446,30.2,1751035152692
0.0,0.0,1.446,30.2,1751035152759
0.0,0.0,1.446,30.2,1751035152825
0.0,0.0,1.436,30.2,1751035152892
0.0,0.0,1.436,30.2,1751035152975
31.762147903442383,-97.12686157226562,1.436,30.2,1751035153000
0.0,0.0,1.436,30.2,1751035153042
0.0,0.0,1.436,30.2,1751035153108
0.0,0.0,1.436,30.2,1751035153179
0.0,0.0,1.446,30.2,1751035153241
0.0,0.0,1.446,30.2,1751035153408
0.0,0.0,1.446,30.2,1751035153442
0.0,0.0,1.456,30.2,1751035153476
0.0,0.0,1.446,30.2,1751035153526
0.0,0.0,1.446,30.2,1751035153592
0.0,0.0,1.456,30.2,1751035153675
0.0,0.0,1.456,30.2,1751035153742
0.0,0.0,1.446,30.2,1751035153808
0.0,0.0,1.456,30.2,1751035153875
0.0,0.0,1.446,30.2,1751035153942
31.762142181396484,-97.12686157226562,1.446,30.2,1751035154000
0.0,0.0,1.446,30.2,1751035154025
0.0,0.0,1.446,30.2,1751035154091
0.0,0.0,1.446,30.2,1751035154161
0.0,0.0,1.446,30.2,1751035154375
0.0,0.0,1.436,30.2,1751035154408
0.0,0.0,1.425,30.2,1751035154443
0.0,0.0,1.425,30.2,1751035154508
0.0,0.0,1.415,30.2,1751035154575
0.0,0.0,1.415,30.2,1751035154642
0.0,0.0,1.415,30.2,1751035154725
0.0,0.0,1.404,30.2,1751035154792
0.0,0.0,1.404,30.2,1751035154859
0.0,0.0,1.394,30.2,1751035154925
0.0,0.0,1.394,30.2,1751035154992
31.76213836669922,-97.12686920166016,1.394,30.2,1751035155000
0.0,0.0,1.394,30.2,1751035155075
0.0,0.0,1.394,30.2,1751035155141
0.0,0.0,1.404,30.2,1751035155208
0.0,0.0,1.404,30.2,1751035155275
0.0,0.0,1.394,30.2,1751035155408
0.0,0.0,1.394,30.2,1751035155442
0.0,0.0,1.384,30.2,1751035155492
0.0,0.0,1.384,30.2,1751035155558
0.0,0.0,1.384,30.2,1751035155625
0.0,0.0,1.384,30.2,1751035155692
0.0,0.0,1.384,30.2,1751035155775
0.0,0.0,1.394,30.2,1751035155842
0.0,0.0,1.373,30.2,1751035155908
0.0,0.0,1.373,30.2,1751035155975
31.762134552001953,-97.12686920166016,1.373,30.2,1751035156000
0.0,0.0,1.373,30.2,1751035156042
0.0,0.0,1.373,30.2,1751035156124
0.0,0.0,1.363,30.2,1751035156191
0.0,0.0,1.373,30.2,1751035156269
0.0,0.0,1.373,30.2,1751035156392
0.0,0.0,1.373,30.2,1751035156425
0.0,0.0,1.373,30.2,1751035156475
0.0,0.0,1.373,30.2,1751035156542
0.0,0.0,1.373,30.2,1751035156608
0.0,0.0,1.363,30.2,1751035156675
0.0,0.0,1.363,30.2,1751035156742
0.0,0.0,1.363,30.2,1751035156825
0.0,0.0,1.363,30.2,1751035156892
0.0,0.0,1.363,30.2,1751035156958
31.762130737304688,-97.12687683105469,1.363,30.2,1751035157000
0.0,0.0,1.363,30.2,1751035157025
0.0,0.0,1.363,30.2,1751035157091
0.0,0.0,1.352,30.2,1751035157179
0.0,0.0,1.352,30.2,1751035157224
0.0,0.0,1.342,30.2,1751035157375
0.0,0.0,1.342,30.2,1751035157408
0.0,0.0,1.342,30.2,1751035157443
0.0,0.0,1.342,30.2,1751035157525
0.0,0.0,1.332,30.2,1751035157592
0.0,0.0,1.332,30.2,1751035157658
0.0,0.0,1.332,30.2,1751035157725
0.0,0.0,1.332,30.2,1751035157791
0.0,0.0,1.332,30.2,1751035157875
0.0,0.0,1.332,30.2,1751035157941
31.762130737304688,-97.12687683105469,1.332,30.2,1751035158000
0.0,0.0,1.332,30.2,1751035158008
0.0,0.0,1.332,30.2,1751035158074
0.0,0.0,1.321,30.2,1751035158142
0.0,0.0,1.321,30.2,1751035158208
0.0,0.0,1.321,30.2,1751035158341
0.0,0.0,1.321,30.2,1751035158425
0.0,0.0,1.332,30.2,1751035158491
0.0,0.0,1.321,30.2,1751035158575
0.0,0.0,1.321,30.2,1751035158642
0.0,0.0,1.321,30.2,1751035158708
0.0,0.0,1.321,30.2,1751035158775
0.0,0.0,1.321,30.2,1751035158841
0.0,0.0,1.311,30.2,1751035158925
0.0,0.0,1.3,30.2,1751035158991
31.762128829956055,-97.12688446044922,1.3,30.2,1751035159000
0.0,0.0,1.3,30.2,1751035159058
0.0,0.0,1.311,30.2,1751035159125
0.0,0.0,1.311,30.2,1751035159191
0.0,0.0,1.29,30.2,1751035159275
0.0,0.0,1.29,30.2,1751035159425
0.0,0.0,1.3,30.2,1751035159458
0.0,0.0,1.3,30.2,1751035159492
0.0,0.0,1.3,30.2,1751035159542
0.0,0.0,1.3,30.2,1751035159625
0.0,0.0,1.3,30.2,1751035159691
0.0,0.0,1.3,30.2,1751035159758
0.0,0.0,1.311,30.2,1751035159825
0.0,0.0,1.311,30.2,1751035159891
0.0,0.0,1.311,30.2,1751035159975
31.76212501525879,-97.12688446044922,1.311,30.2,1751035160000
0.0,0.0,1.311,30.2,1751035160041
0.0,0.0,1.3,30.2,1751035160108
0.0,0.0,1.3,30.2,1751035160179
0.0,0.0,1.3,30.2,1751035160241
0.0,0.0,1.28,30.2,1751035160391
0.0,0.0,1.29,30.2,1751035160425
0.0,0.0,1.29,30.2,1751035160459
0.0,0.0,1.29,30.2,1751035160525
0.0,0.0,1.29,30.2,1751035160592
0.0,0.0,1.28,30.2,1751035160675
0.0,0.0,1.269,30.2,1751035160741
0.0,0.0,1.28,30.2,1751035160808
0.0,0.0,1.269,30.2,1751035160874
0.0,0.0,1.269,30.2,1751035160941
31.76212501525879,-97.12689208984375,1.28,30.2,1751035161000
0.0,0.0,1.28,30.2,1751035161024
0.0,0.0,1.269,30.2,1751035161091
0.0,0.0,1.28,30.2,1751035161160
0.0,0.0,1.28,30.2,1751035161224
0.0,0.0,1.269,30.2,1751035161375
0.0,0.0,1.28,30.2,1751035161408
0.0,0.0,1.28,30.2,1751035161442
0.0,0.0,1.28,30.2,1751035161508
0.0,0.0,1.269,30.2,1751035161575
0.0,0.0,1.269,30.2,1751035161641
0.0,0.0,1.259,30.2,1751035161724
0.0,0.0,1.248,30.2,1751035161791
0.0,0.0,1.248,30.2,1751035161858
0.0,0.0,1.248,30.2,1751035161924
0.0,0.0,1.238,30.2,1751035161991
31.762123107910156,-97.12689208984375,1.238,30.2,1751035162000
0.0,0.0,1.228,30.2,1751035162074
0.0,0.0,1.228,30.2,1751035162160
0.0,0.0,1.228,30.2,1751035162207
0.0,0.0,1.207,30.2,1751035162274
0.0,0.0,1.207,30.2,1751035162408
0.0,0.0,1.207,30.2,1751035162441
0.0,0.0,1.207,30.2,1751035162492
0.0,0.0,1.196,30.2,1751035162558
0.0,0.0,1.207,30.2,1751035162625
0.0,0.0,1.207,30.2,1751035162691
0.0,0.0,1.207,30.2,1751035162774
0.0,0.0,1.207,30.2,1751035162841
0.0,0.0,1.207,30.2,1751035162908
0.0,0.0,1.207,30.2,1751035162974
31.762121200561523,-97.12689971923828,1.207,30.2,1751035163000
0.0,0.0,1.196,30.2,1751035163041
0.0,0.0,1.207,30.2,1751035163124
0.0,0.0,1.207,30.2,1751035163190
0.0,0.0,1.196,30.2,1751035163258
0.0,0.0,1.196,30.2,1751035163408
0.0,0.0,1.196,30.2,1751035163441
0.0,0.0,1.175,30.2,1751035163475
0.0,0.0,1.175,30.2,1751035163541
0.0,0.0,1.175,30.2,1751035163608
0.0,0.0,1.165,30.2,1751035163674
0.0,0.0,1.165,30.2,1751035163741
0.0,0.0,1.165,30.2,1751035163807
0.0,0.0,1.155,30.2,1751035163891
0.0,0.0,1.144,30.2,1751035163959
31.76211929321289,-97.12689971923828,1.144,30.2,1751035164000
0.0,0.0,1.144,30.2,1751035164024
0.0,0.0,1.144,30.2,1751035164091
0.0,0.0,1.134,30.2,1751035164179
0.0,0.0,1.134,30.2,1751035164224
0.0,0.0,1.134,30.2,1751035164391
0.0,0.0,1.134,30.2,1751035164424
0.0,0.0,1.123,30.2,1751035164459
0.0,0.0,1.123,30.2,1751035164509
0.0,0.0,1.123,30.2,1751035164642
0.0,0.0,1.113,30.2,1751035164676
0.0,0.0,1.113,30.2,1751035164726
0.0,0.0,1.113,30.2,1751035164792
0.0,0.0,1.103,30.2,1751035164857
0.0,0.0,1.103,30.2,1751035164942
31.762117385864258,-97.12690734863281,1.103,30.2,1751035165000
0.0,0.0,1.103,30.2,1751035165007
0.0,0.0,1.103,30.2,1751035165074
0.0,0.0,1.092,30.2,1751035165141
0.0,0.0,1.092,30.2,1751035165207
0.0,0.0,1.092,30.2,1751035165357
0.0,0.0,1.092,30.2,1751035165391
0.0,0.0,1.082,30.2,1751035165425
0.0,0.0,1.082,30.2,1751035165491
0.0,0.0,1.082,30.2,1751035165574
0.0,0.0,1.071,30.2,1751035165641
0.0,0.0,1.071,30.2,1751035165707
0.0,0.0,1.071,30.2,1751035165774
0.0,0.0,1.061,30.2,1751035165841
0.0,0.0,1.061,30.2,1751035165924
0.0,0.0,1.061,30.2,1751035165991
31.762115478515625,-97.12690734863281,1.061,30.2,1751035166000
0.0,0.0,1.051,30.2,1751035166058
0.0,0.0,1.051,30.2,1751035166123
0.0,0.0,1.051,30.2,1751035166190
0.0,0.0,1.04,30.2,1751035166274
0.0,0.0,1.03,30.2,1751035166408
0.0,0.0,1.04,30.2,1751035166441
0.0,0.0,1.03,30.2,1751035166475
0.0,0.0,1.03,30.2,1751035166540
0.0,0.0,1.03,30.2,1751035166624
0.0,0.0,1.009,30.2,1751035166690
0.0,0.0,1.009,30.2,1751035166757
0.0,0.0,1.009,30.2,1751035166824
0.0,0.0,0.999,30.2,1751035166891
0.0,0.0,0.999,30.2,1751035166974
31.762113571166992,-97.12690734863281,0.999,30.2,1751035167000
0.0,0.0,0.988,30.2,1751035167041
0.0,0.0,0.988,30.2,1751035167107
0.0,0.0,0.967,30.2,1751035167178
0.0,0.0,0.967,30.2,1751035167258
0.0,0.0,0.957,30.2,1751035167391
0.0,0.0,0.947,30.2,1751035167425
0.0,0.0,0.936,30.2,1751035167459
0.0,0.0,0.947,30.2,1751035167524
0.0,0.0,0.926,30.2,1751035167591
0.0,0.0,0.926,30.2,1751035167674
0.0,0.0,0.915,30.2,1751035167742
0.0,0.0,0.915,30.2,1751035167808
0.0,0.0,0.926,30.2,1751035167874
0.0,0.0,0.915,30.2,1751035167941
31.762107849121094,-97.12691497802734,0.926,30.2,1751035168000
0.0,0.0,0.926,30.2,1751035168025
0.0,0.0,0.936,30.2,1751035168091
0.0,0.0,0.926,30.2,1751035168160
0.0,0.0,0.936,30.2,1751035168224
0.0,0.0,0.936,30.2,1751035168357
0.0,0.0,0.947,30.2,1751035168391
0.0,0.0,0.947,30.2,1751035168441
0.0,0.0,0.947,30.2,1751035168507
0.0,0.0,0.947,30.2,1751035168574
0.0,0.0,0.947,30.2,1751035168640
0.0,0.0,0.936,30.2,1751035168724
0.0,0.0,0.926,30.2,1751035168791
0.0,0.0,0.915,30.2,1751035168857
0.0,0.0,0.905,30.2,1751035168924
0.0,0.0,0.905,30.2,1751035168991
31.762104034423828,-97.12691497802734,0.905,30.2,1751035169000
0.0,0.0,0.895,30.2,1751035169074
0.0,0.0,0.884,30.2,1751035169140
0.0,0.0,0.884,30.2,1751035169207
0.0,0.0,0.874,30.2,1751035169274
0.0,0.0,0.853,30.2,1751035169408
0.0,0.0,0.842,30.2,1751035169441
0.0,0.0,0.842,30.2,1751035169491
0.0,0.0,0.822,30.2,1751035169557
0.0,0.0,0.822,30.2,1751035169624
0.0,0.0,0.811,30.2,1751035169690
0.0,0.0,0.822,30.2,1751035169774
0.0,0.0,0.822,30.2,1751035169841
0.0,0.0,0.811,30.2,1751035169907
0.0,0.0,0.79,30.2,1751035169974
31.762100219726562,-97.12691497802734,0.79,30.2,1751035170000
0.0,0.0,0.759,30.2,1751035170040
0.0,0.0,0.77,30.2,1751035170124
0.0,0.0,0.77,30.2,1751035170190
0.0,0.0,0.759,30.2,1751035170257
0.0,0.0,0.77,30.2,1751035170391
0.0,0.0,0.78,30.2,1751035170424
0.0,0.0,0.77,30.2,1751035170474
0.0,0.0,0.759,30.2,1751035170540
0.0,0.0,0.738,30.2,1751035170608
0.0,0.0,0.718,30.2,1751035170674
0.0,0.0,0.697,30.2,1751035170824
0.0,0.0,0.707,30.2,1751035170890
0.0,0.0,0.707,30.2,1751035170957
31.762094497680664,-97.12692260742188,0.676,30.2,1751035171000
0.0,0.0,0.676,30.2,1751035171025
0.0,0.0,0.666,30.2,1751035171090
0.0,0.0,0.676,30.2,1751035171180
0.0,0.0,0.645,30.2,1751035171224
0.0,0.0,0.645,30.2,1751035171390
0.0,0.0,0.624,30.2,1751035171408
0.0,0.0,0.634,30.2,1751035171425
0.0,0.0,0.634,30.2,1751035171491
0.0,0.0,0.655,30.2,1751035171574
0.0,0.0,0.655,30.2,1751035171641
0.0,0.0,0.645,30.2,1751035171707
0.0,0.0,0.634,30.2,1751035171774
0.0,0.0,0.655,30.2,1751035171841
0.0,0.0,0.655,30.2,1751035171924
0.0,0.0,0.655,30.2,1751035171990
31.76209259033203,-97.1269302368164,0.655,30.2,1751035172000
0.0,0.0,0.666,30.2,1751035172057
0.0,0.0,0.645,30.2,1751035172123
0.0,0.0,0.666,30.2,1751035172190
0.0,0.0,0.645,30.2,1751035172275
0.0,0.0,0.655,30.2,1751035172407
0.0,0.0,0.634,30.2,1751035172424
0.0,0.0,0.624,30.2,1751035172475
0.0,0.0,0.624,30.2,1751035172540
0.0,0.0,0.624,30.2,1751035172623
0.0,0.0,0.614,30.2,1751035172690
0.0,0.0,0.614,30.2,1751035172757
0.0,0.0,0.614,30.2,1751035172824
0.0,0.0,0.603,30.2,1751035172891
0.0,0.0,0.614,30.2,1751035172974
31.76209259033203,-97.1269302368164,0.614,30.2,1751035173000
0.0,0.0,0.624,30.2,1751035173041
0.0,0.0,0.624,30.2,1751035173107
0.0,0.0,0.634,30.2,1751035173179
0.0,0.0,0.645,30.2,1751035173240
0.0,0.0,0.655,30.2,1751035173390
0.0,0.0,0.666,30.2,1751035173407
0.0,0.0,0.676,30.2,1751035173458
0.0,0.0,0.686,30.2,1751035173524
31.76209259033203,-97.12693786621094,0.686,30.2,1751035174000
0.0,0.0,0.728,30.2,1751035174873
0.0,0.0,0.759,30.2,1751035175090
0.0,0.0,0.801,30.2,1751035175857
31.762100219726562,-97.12693786621094,0.811,30.2,1751035176000
0.0,0.0,0.811,30.2,1751035176140
0.0,0.0,0.811,30.2,1751035176179
0.0,0.0,0.842,30.2,1751035176207
0.0,0.0,0.884,30.2,1751035176274
0.0,0.0,0.905,30.2,1751035176324
0.0,0.0,0.947,30.2,1751035176423
0.0,0.0,0.967,30.2,1751035176489
0.0,0.0,0.978,30.2,1751035176556
0.0,0.0,1.009,30.2,1751035176623
0.0,0.0,1.009,30.2,1751035176690
0.0,0.0,0.999,30.2,1751035176907
0.0,0.0,0.978,30.2,1751035176973
31.762102127075195,-97.12693786621094,0.978,30.2,1751035177000
0.0,0.0,0.988,30.2,1751035177039
0.0,0.0,0.988,30.2,1751035177122
0.0,0.0,0.988,30.2,1751035177189
0.0,0.0,0.988,30.2,1751035177343
0.0,0.0,0.978,30.2,1751035177740
0.0,0.0,0.957,30.2,1751035177822
0.0,0.0,0.967,30.2,1751035177890
0.0,0.0,0.967,30.2,1751035177956
31.762100219726562,-97.12693786621094,0.978,30.2,1751035178000
0.0,0.0,0.978,30.2,1751035178022
0.0,0.0,0.988,30.2,1751035178089
0.0,0.0,1.019,30.2,1751035185673
0.0,0.0,1.04,30.2,1751035185707
0.0,0.0,1.175,29.6,1751035340494
0.0,0.0,1.332,29.6,1751035340528
0.0,0.0,1.467,29.6,1751035340660
0.0,0.0,1.571,29.6,1751035341493
0.0,0.0,1.696,29.6,1751035341560
0.0,0.0,1.8,29.6,1751035341627
0.0,0.0,1.894,29.6,1751035341693
0.0,0.0,1.946,29.6,1751035341760
0.0,0.0,2.018,29.6,1751035341843
0.0,0.0,2.091,29.6,1751035342166
0.0,0.0,2.154,29.6,1751035342194
0.0,0.0,2.216,29.6,1751035342228
0.0,0.0,2.154,29.6,1751035342393
0.0,0.0,2.06,29.6,1751035342428
0.0,0.0,1.977,29.6,1751035342643
0.0,0.0,1.946,29.6,1751035342678
0.0,0.0,1.873,29.6,1751035342711
0.0,0.0,1.831,29.6,1751035342744
0.0,0.0,1.81,29.6,1751035342778
0.0,0.0,1.79,29.6,1751035342810
0.0,0.0,1.779,29.8,1751035342877
0.0,0.0,1.748,29.8,1751035342993
0.0,0.0,1.737,29.8,1751035343043
0.0,0.0,1.706,29.8,1751035343093
0.0,0.0,1.737,29.8,1751035343176
0.0,0.0,1.79,29.8,1751035343226
0.0,0.0,1.842,29.8,1751035343309
0.0,0.0,1.862,29.8,1751035343610
0.0,0.0,1.894,29.8,1751035343693
0.0,0.0,1.935,29.8,1751035343727
0.0,0.0,1.966,29.8,1751035343794
0.0,0.0,1.998,29.8,1751035343860
0.0,0.0,1.956,29.8,1751035343943
0.0,0.0,1.935,29.8,1751035344010
0.0,0.0,1.883,29.8,1751035344076
0.0,0.0,1.862,29.8,1751035344165
0.0,0.0,1.852,29.8,1751035344309
0.0,0.0,1.831,29.8,1751035344360
0.0,0.0,1.81,29.8,1751035344427
0.0,0.0,1.81,29.8,1751035344510
0.0,0.0,1.831,29.8,1751035344576
0.0,0.0,1.81,29.8,1751035344644
0.0,0.0,1.79,29.8,1751035344760
0.0,0.0,1.758,29.8,1751035344794
0.0,0.0,1.758,29.8,1751035344843
0.0,0.0,1.779,29.8,1751035344927
0.0,0.0,1.79,29.8,1751035344993
0.0,0.0,1.81,29.8,1751035345060
0.0,0.0,1.779,29.8,1751035345126
0.0,0.0,1.769,29.8,1751035345243
0.0,0.0,1.748,29.8,1751035345276
0.0,0.0,1.727,29.8,1751035345342
0.0,0.0,1.685,29.8,1751035345410
0.0,0.0,1.675,29.8,1751035345476
0.0,0.0,1.706,29.8,1751035345543
0.0,0.0,1.727,29.8,1751035345693
0.0,0.0,1.706,29.8,1751035345910
0.0,0.0,1.654,29.8,1751035346060
0.0,0.0,1.613,29.8,1751035346293
0.0,0.0,1.581,29.8,1751035346328
0.0,0.0,1.571,29.8,1751035346526
0.0,0.0,1.54,29.8,1751035346560
0.0,0.0,1.529,29.8,1751035346594
0.0,0.0,1.509,29.8,1751035346676
0.0,0.0,1.509,29.8,1751035346743
0.0,0.0,1.509,29.8,1751035346877
0.0,0.0,1.477,29.8,1751035346943
0.0,0.0,1.415,29.8,1751035347076
0.0,0.0,1.404,29.8,1751035347111
0.0,0.0,1.394,29.8,1751035347165
0.0,0.0,1.394,29.8,1751035347226
0.0,0.0,1.384,29.8,1751035347292
0.0,0.0,1.373,29.8,1751035347443
0.0,0.0,1.363,29.8,1751035347510
0.0,0.0,1.363,29.8,1751035347594
0.0,0.0,1.332,29.8,1751035347743
0.0,0.0,1.3,29.8,1751035347793
0.0,0.0,1.269,29.8,1751035347860
0.0,0.0,1.248,29.8,1751035347926
0.0,0.0,1.259,29.8,1751035347993
0.0,0.0,1.238,29.8,1751035348426
0.0,0.0,1.217,29.8,1751035348510
0.0,0.0,1.175,29.8,1751035348560
0.0,0.0,1.134,29.8,1751035348626
0.0,0.0,1.103,29.8,1751035348693
0.0,0.0,1.061,30.0,1751035349042
0.0,0.0,1.009,30.0,1751035349110
0.0,0.0,0.967,30.0,1751035349176
0.0,0.0,0.967,30.0,1751035349326
0.0,0.0,0.926,30.0,1751035349393
0.0,0.0,0.895,30.0,1751035357676
0.0,0.0,0.947,30.0,1751035360609
0.0,0.0,1.019,30.0,1751035360793
0.0,0.0,1.113,30.0,1751035361010
0.0,0.0,1.207,30.0,1751035361309
0.0,0.0,1.3,30.0,1751035361609
0.0,0.0,1.373,30.0,1751035361641
0.0,0.0,1.456,30.0,1751035361692
0.0,0.0,1.571,30.0,1751035361775
0.0,0.0,1.654,30.0,1751035361841
0.0,0.0,1.748,30.0,1751035361909
0.0,0.0,1.842,30.0,1751035362013
0.0,0.0,1.946,30.0,1751035362044
0.0,0.0,1.946,30.0,1751035362109
0.0,0.0,1.935,30.0,1751035362176
0.0,0.0,1.894,30.0,1751035362258
0.0,0.0,1.873,30.0,1751035362342
0.0,0.0,1.852,30.0,1751035362392
0.0,0.0,1.842,30.0,1751035362480
0.0,0.0,1.831,30.0,1751035362533
0.0,0.0,1.81,30.0,1751035362609
0.0,0.0,1.769,30.0,1751035362675
0.0,0.0,1.748,30.0,1751035362741
0.0,0.0,1.727,30.0,1751035362809
0.0,0.0,1.717,30.0,1751035362892
0.0,0.0,1.758,30.0,1751035362959
0.0,0.0,1.81,30.0,1751035363218
0.0,0.0,1.862,30.0,1751035363274
0.0,0.0,1.904,30.0,1751035363310
0.0,0.0,1.946,30.0,1751035363350
0.0,0.0,1.987,30.0,1751035363389
0.0,0.0,2.018,30.0,1751035363428
0.0,0.0,2.07,30.0,1751035363469
0.0,0.0,2.091,30.0,1751035363533
0.0,0.0,2.112,30.0,1751035363592
0.0,0.0,2.123,30.0,1751035363667
0.0,0.0,2.133,30.0,1751035363733
0.0,0.0,2.133,30.0,1751035363800
0.0,0.0,2.133,30.0,1751035363874
0.0,0.0,2.154,30.0,1751035363949
0.0,0.0,2.154,30.0,1751035364016
0.0,0.0,2.154,30.0,1751035364094
0.0,0.0,2.164,30.0,1751035364179
0.0,0.0,2.164,30.0,1751035364251
0.0,0.0,2.164,30.0,1751035364314
0.0,0.0,2.164,30.0,1751035364385
0.0,0.0,2.154,30.0,1751035364449
0.0,0.0,2.154,30.0,1751035364517
0.0,0.0,2.143,30.0,1751035364587
0.0,0.0,2.133,30.0,1751035364651
0.0,0.0,2.123,30.0,1751035364727
0.0,0.0,2.112,30.0,1751035364801
0.0,0.0,2.123,30.0,1751035364867
0.0,0.0,2.112,30.0,1751035364934
0.0,0.0,2.102,30.0,1751035365001
0.0,0.0,2.091,30.0,1751035365076
0.0,0.0,2.091,30.0,1751035365146
0.0,0.0,2.06,30.0,1751035365218
0.0,0.0,2.07,30.0,1751035365279
0.0,0.0,2.081,30.0,1751035365361
0.0,0.0,2.091,30.0,1751035365426
0.0,0.0,2.091,30.0,1751035365497
0.0,0.0,2.102,30.0,1751035365562
0.0,0.0,2.112,30.0,1751035365631
0.0,0.0,2.112,30.0,1751035365710
0.0,0.0,2.123,30.0,1751035365772
0.0,0.0,2.133,30.0,1751035365845
0.0,0.0,2.133,30.0,1751035365924
0.0,0.0,2.143,30.0,1751035365959
0.0,0.0,2.154,30.0,1751035366056
0.0,0.0,2.133,30.0,1751035366128
0.0,0.0,2.143,30.0,1751035366206
0.0,0.0,2.133,30.0,1751035366263
0.0,0.0,2.143,30.0,1751035366330
0.0,0.0,2.154,30.0,1751035366411
0.0,0.0,2.154,30.0,1751035366475
0.0,0.0,2.154,30.0,1751035366549
0.0,0.0,2.143,30.0,1751035366614
0.0,0.0,2.133,30.0,1751035366680
0.0,0.0,2.133,30.0,1751035366759
0.0,0.0,2.123,30.0,1751035366835
0.0,0.0,2.143,30.0,1751035366892
0.0,0.0,2.143,30.0,1751035366960
31.76229476928711,-97.12675476074219,2.143,30.0,1751035367000
0.0,0.0,2.133,30.0,1751035367040
0.0,0.0,2.133,30.0,1751035367109
0.0,0.0,2.133,30.0,1751035367191
0.0,0.0,2.143,30.0,1751035367250
0.0,0.0,2.154,30.0,1751035367313
0.0,0.0,2.154,30.0,1751035367385
0.0,0.0,2.154,30.0,1751035367458
0.0,0.0,2.164,30.0,1751035367525
0.0,0.0,2.164,30.0,1751035367598
0.0,0.0,2.164,30.0,1751035367662
0.0,0.0,2.164,30.0,1751035367727
0.0,0.0,2.164,30.0,1751035367808
0.0,0.0,2.175,30.0,1751035367880
0.0,0.0,2.175,30.0,1751035367950
31.762292861938477,-97.12675476074219,2.195,30.0,1751035368000
0.0,0.0,2.195,30.0,1751035368020
0.0,0.0,2.185,30.0,1751035368093
0.0,0.0,2.185,30.0,1751035368163
0.0,0.0,2.185,30.0,1751035368238
0.0,0.0,2.195,30.0,1751035368298
0.0,0.0,2.195,30.0,1751035368488
0.0,0.0,2.195,30.0,1751035368510
0.0,0.0,2.195,30.0,1751035368589
0.0,0.0,2.206,30.0,1751035368615
0.0,0.0,2.206,30.0,1751035368694
0.0,0.0,2.216,30.0,1751035368718
0.0,0.0,2.206,30.0,1751035368810
0.0,0.0,2.206,30.0,1751035368881
0.0,0.0,2.216,30.0,1751035368956
31.76228904724121,-97.12675476074219,2.216,30.0,1751035369000
0.0,0.0,2.216,30.0,1751035369085
0.0,0.0,2.216,30.0,1751035369134
0.0,0.0,2.216,30.0,1751035369168
0.0,0.0,2.216,30.0,1751035369232
0.0,0.0,2.216,30.0,1751035369287
0.0,0.0,2.216,30.0,1751035369377
0.0,0.0,2.227,30.0,1751035369532
0.0,0.0,2.216,30.0,1751035369581
0.0,0.0,2.206,30.0,1751035369608
0.0,0.0,2.206,30.0,1751035369698
0.0,0.0,2.206,30.0,1751035369724
0.0,0.0,2.206,30.0,1751035369794
0.0,0.0,2.206,30.0,1751035369855
31.76228904724121,-97.12675476074219,2.206,30.0,1751035370000
0.0,0.0,2.216,30.0,1751035370276
0.0,0.0,2.216,30.0,1751035370309
0.0,0.0,2.216,30.0,1751035370743
0.0,0.0,2.237,30.0,1751035370776
0.0,0.0,2.237,30.0,1751035371125
0.0,0.0,2.237,30.0,1751035371660
0.0,0.0,2.247,30.0,1751035371809
0.0,0.0,2.268,30.0,1751035371841
0.0,0.0,2.289,30.0,1751035371975
31.76228904724121,-97.12676239013672,2.31,30.0,1751035372000
0.0,0.0,2.31,30.0,1751035372008
0.0,0.0,2.31,30.0,1751035372065
0.0,0.0,2.32,30.0,1751035372086
0.0,0.0,2.341,30.0,1751035372157
0.0,0.0,2.341,30.0,1751035372308
0.0,0.0,2.351,30.0,1751035372341
0.0,0.0,2.351,30.0,1751035372418
0.0,0.0,2.362,30.0,1751035372497
0.0,0.0,2.362,30.0,1751035372593
0.0,0.0,2.362,30.0,1751035372625
0.0,0.0,2.362,30.0,1751035372706
0.0,0.0,2.362,30.0,1751035372763
0.0,0.0,2.351,30.0,1751035372852
0.0,0.0,2.362,30.0,1751035372939
0.0,0.0,2.362,30.0,1751035372979
31.762287139892578,-97.12677001953125,2.362,30.0,1751035373000
0.0,0.0,2.362,30.0,1751035373059
0.0,0.0,2.362,30.0,1751035373124
0.0,0.0,2.372,30.0,1751035373187
0.0,0.0,2.383,30.0,1751035373492
0.0,0.0,2.383,30.0,1751035373526
0.0,0.0,2.383,30.0,1751035373595
0.0,0.0,2.393,30.0,1751035373620
0.0,0.0,2.404,30.0,1751035373703
0.0,0.0,2.424,30.0,1751035373759
0.0,0.0,2.424,30.0,1751035373861
0.0,0.0,2.435,30.0,1751035373893
0.0,0.0,2.435,30.0,1751035373976
