0.0,0.0,0.561,31.6,1750781407737
0.0,0.0,0.561,31.6,1750781408087
0.0,0.0,0.582,31.6,1750781408287
0.0,0.0,0.582,31.6,1750781408603
0.0,0.0,0.572,31.6,1750781409653
0.0,0.0,0.572,31.6,1750781410036
0.0,0.0,0.593,31.6,1750781410204
0.0,0.0,0.614,31.6,1750781410553
0.0,0.0,0.614,31.6,1750781410753
0.0,0.0,0.634,31.6,1750781411070
0.0,0.0,0.634,31.6,1750781411369
0.0,0.0,0.634,31.6,1750781411570
0.0,0.0,0.645,31.6,1750781411904
0.0,0.0,0.645,31.6,1750781412119
0.0,0.0,0.603,31.6,1750781412386
0.0,0.0,0.634,31.6,1750781412653
0.0,0.0,0.666,31.6,1750781413470
0.0,0.0,0.676,31.6,1750781414636
0.0,0.0,0.676,31.6,1750781415520
0.0,0.0,0.666,31.6,1750781415869
31.757972717285156,-97.21772003173828,0.666,31.6,1750781416000
31.757976531982422,-97.21773529052734,0.666,31.6,1750781416000
0.0,0.0,0.686,31.6,1750781416168
0.0,0.0,0.666,31.6,1750781416435
0.0,0.0,0.655,31.6,1750781416853
0.0,0.0,0.666,31.6,1750781416886
0.0,0.0,0.645,31.6,1750781416927
0.0,0.0,0.645,31.6,1750781416984
31.757984161376953,-97.21774291992188,0.645,31.6,1750781417000
0.0,0.0,0.666,31.6,1750781417051
0.0,0.0,0.634,31.6,1750781417133
0.0,0.0,0.634,31.6,1750781417210
0.0,0.0,0.655,31.6,1750781417350
0.0,0.0,0.634,31.6,1750781417468
0.0,0.0,0.645,31.6,1750781417501
0.0,0.0,0.655,31.6,1750781417543
0.0,0.0,0.666,31.6,1750781417617
0.0,0.0,0.666,31.6,1750781417684
0.0,0.0,0.676,31.6,1750781417818
0.0,0.0,0.697,31.6,1750781417900
0.0,0.0,0.718,31.6,1750781417967
31.757997512817383,-97.21775817871094,0.718,31.6,1750781418000
0.0,0.0,0.718,31.8,1750781418101
0.0,0.0,0.749,31.8,1750781418167
0.0,0.0,0.749,31.8,1750781418234
0.0,0.0,0.718,31.8,1750781418334
0.0,0.0,0.749,31.8,1750781418389
0.0,0.0,0.759,31.8,1750781418451
0.0,0.0,0.759,31.8,1750781418517
0.0,0.0,0.759,31.8,1750781418667
0.0,0.0,0.78,31.8,1750781418734
0.0,0.0,0.749,31.8,1750781418801
0.0,0.0,0.728,31.8,1750781418867
0.0,0.0,0.728,31.8,1750781418934
31.757999420166016,-97.2177505493164,0.728,31.8,1750781419000
0.0,0.0,0.728,31.8,1750781419034
0.0,0.0,0.707,31.8,1750781419091
0.0,0.0,0.686,31.8,1750781419150
0.0,0.0,0.728,31.8,1750781419250
0.0,0.0,0.718,31.8,1750781419284
0.0,0.0,0.718,31.8,1750781419400
0.0,0.0,0.738,31.8,1750781419552
0.0,0.0,0.738,31.8,1750781419585
0.0,0.0,0.738,31.8,1750781419628
0.0,0.0,0.77,31.8,1750781419717
0.0,0.0,0.759,31.8,1750781419751
0.0,0.0,0.749,31.8,1750781419901
0.0,0.0,0.738,31.8,1750781419934
0.0,0.0,0.749,31.8,1750781419978
0.0,0.0,0.759,31.8,1750781420084
0.0,0.0,0.738,31.8,1750781420117
0.0,0.0,0.749,31.8,1750781420279
0.0,0.0,0.77,31.8,1750781420334
0.0,0.0,0.749,31.8,1750781420434
0.0,0.0,0.728,31.8,1750781420467
0.0,0.0,0.749,31.8,1750781420617
0.0,0.0,0.697,31.8,1750781420651
0.0,0.0,0.697,31.8,1750781420695
0.0,0.0,0.676,31.8,1750781420784
0.0,0.0,0.707,31.8,1750781420818
0.0,0.0,0.676,31.8,1750781420967
31.75801658630371,-97.21775817871094,0.676,31.8,1750781421000
0.0,0.0,0.676,31.8,1750781421001
0.0,0.0,0.686,31.8,1750781421045
0.0,0.0,0.666,31.8,1750781421150
0.0,0.0,0.634,31.8,1750781421185
0.0,0.0,0.655,31.8,1750781421228
0.0,0.0,0.655,31.8,1750781421250
0.0,0.0,0.624,31.8,1750781421334
0.0,0.0,0.634,31.8,1750781421387
0.0,0.0,0.634,31.8,1750781421450
0.0,0.0,0.634,31.8,1750781421533
0.0,0.0,0.593,31.8,1750781421601
0.0,0.0,0.603,31.8,1750781421667
0.0,0.0,0.593,31.8,1750781421733
0.0,0.0,0.572,31.8,1750781421817
0.0,0.0,0.572,31.8,1750781421883
0.0,0.0,0.582,31.8,1750781421950
31.758024215698242,-97.21775817871094,0.582,31.8,1750781422000
0.0,0.0,0.582,31.8,1750781422017
0.0,0.0,0.582,31.8,1750781422085
0.0,0.0,0.603,31.8,1750781422167
0.0,0.0,0.593,31.8,1750781422250
0.0,0.0,0.593,31.8,1750781422307
0.0,0.0,0.582,31.8,1750781422366
0.0,0.0,0.603,31.8,1750781422434
0.0,0.0,0.593,31.8,1750781422517
0.0,0.0,0.593,31.8,1750781422584
0.0,0.0,0.603,31.8,1750781422651
0.0,0.0,0.593,31.8,1750781422784
0.0,0.0,0.593,31.8,1750781422867
0.0,0.0,0.614,31.8,1750781422923
0.0,0.0,0.603,31.8,1750781423000
31.758037567138672,-97.21776580810547,0.603,31.8,1750781423000
0.0,0.0,0.593,31.8,1750781423067
0.0,0.0,0.593,31.8,1750781423133
0.0,0.0,0.593,31.8,1750781423234
0.0,0.0,0.582,31.8,1750781423286
0.0,0.0,0.582,31.8,1750781423350
0.0,0.0,0.593,31.8,1750781423434
0.0,0.0,0.593,31.8,1750781423490
0.0,0.0,0.593,31.8,1750781423550
0.0,0.0,0.603,31.8,1750781423617
0.0,0.0,0.603,31.8,1750781423700
0.0,0.0,0.603,31.8,1750781423767
0.0,0.0,0.603,31.8,1750781423901
0.0,0.0,0.603,31.8,1750781423976
31.758039474487305,-97.21775817871094,0.603,31.8,1750781424000
0.0,0.0,0.603,31.8,1750781424050
0.0,0.0,0.614,31.8,1750781424120
0.0,0.0,0.614,31.8,1750781424183
0.0,0.0,0.603,31.8,1750781424269
0.0,0.0,0.603,31.8,1750781424334
0.0,0.0,0.603,31.8,1750781424400
0.0,0.0,0.603,31.8,1750781424468
0.0,0.0,0.593,31.8,1750781424534
0.0,0.0,0.603,31.8,1750781424599
0.0,0.0,0.614,31.8,1750781424667
0.0,0.0,0.614,31.8,1750781424750
0.0,0.0,0.614,31.8,1750781424817
0.0,0.0,0.634,31.8,1750781424884
0.0,0.0,0.634,31.8,1750781424950
31.758045196533203,-97.21775817871094,0.634,31.8,1750781425000
0.0,0.0,0.634,31.8,1750781425017
0.0,0.0,0.655,31.8,1750781425100
0.0,0.0,0.655,31.8,1750781425167
0.0,0.0,0.655,31.8,1750781425250
0.0,0.0,0.655,31.8,1750781425305
0.0,0.0,0.676,31.8,1750781425400
0.0,0.0,0.676,31.8,1750781425457
0.0,0.0,0.676,31.8,1750781425533
0.0,0.0,0.666,31.8,1750781425590
0.0,0.0,0.666,31.8,1750781425650
0.0,0.0,0.676,31.8,1750781425716
0.0,0.0,0.676,31.8,1750781425800
0.0,0.0,0.666,31.8,1750781425866
0.0,0.0,0.686,31.8,1750781425933
0.0,0.0,0.676,31.8,1750781426000
31.75804901123047,-97.2177505493164,0.676,31.8,1750781426000
0.0,0.0,0.676,31.8,1750781426082
0.0,0.0,0.697,31.8,1750781426150
0.0,0.0,0.686,31.8,1750781426233
0.0,0.0,0.697,31.8,1750781426289
0.0,0.0,0.707,31.8,1750781426350
0.0,0.0,0.718,31.8,1750781426433
0.0,0.0,0.728,31.8,1750781426500
0.0,0.0,0.738,31.8,1750781426567
0.0,0.0,0.728,31.8,1750781426633
0.0,0.0,0.749,31.8,1750781426734
0.0,0.0,0.738,31.8,1750781426767
0.0,0.0,0.738,31.8,1750781426834
0.0,0.0,0.738,31.8,1750781426917
0.0,0.0,0.738,31.8,1750781426983
31.7580509185791,-97.2177505493164,0.738,31.8,1750781427000
0.0,0.0,0.738,31.8,1750781427050
0.0,0.0,0.738,31.8,1750781427133
0.0,0.0,0.749,31.8,1750781427206
0.0,0.0,0.749,31.8,1750781427284
0.0,0.0,0.738,31.8,1750781427341
0.0,0.0,0.738,31.8,1750781427400
0.0,0.0,0.738,31.8,1750781427466
0.0,0.0,0.749,31.8,1750781427551
0.0,0.0,0.749,31.8,1750781427633
0.0,0.0,0.759,31.8,1750781427691
0.0,0.0,0.77,31.8,1750781427750
0.0,0.0,0.77,31.8,1750781427817
0.0,0.0,0.78,31.8,1750781427900
0.0,0.0,0.78,31.8,1750781427966
31.758052825927734,-97.21774291992188,0.78,31.8,1750781428000
0.0,0.0,0.78,31.8,1750781428033
0.0,0.0,0.78,31.8,1750781428103
0.0,0.0,0.801,31.8,1750781428183
0.0,0.0,0.811,31.8,1750781428266
0.0,0.0,0.801,31.8,1750781428300
0.0,0.0,0.811,31.8,1750781428383
0.0,0.0,0.811,31.8,1750781428450
0.0,0.0,0.811,31.8,1750781428533
0.0,0.0,0.811,31.8,1750781428599
0.0,0.0,0.822,31.8,1750781428667
0.0,0.0,0.822,31.8,1750781428733
0.0,0.0,0.822,31.8,1750781428833
0.0,0.0,0.822,31.8,1750781428867
0.0,0.0,0.842,31.8,1750781428932
31.758054733276367,-97.21774291992188,0.842,31.8,1750781429000
0.0,0.0,0.842,31.8,1750781429016
0.0,0.0,0.842,31.8,1750781429086
0.0,0.0,0.853,31.8,1750781429149
0.0,0.0,0.863,31.8,1750781429250
0.0,0.0,0.874,31.8,1750781429309
0.0,0.0,0.874,31.8,1750781429357
0.0,0.0,0.874,31.8,1750781429433
0.0,0.0,0.884,31.8,1750781429500
0.0,0.0,0.884,31.8,1750781429650
0.0,0.0,0.895,31.8,1750781429733
0.0,0.0,0.895,31.8,1750781429789
0.0,0.0,0.895,31.8,1750781429850
0.0,0.0,0.895,31.8,1750781429916
0.0,0.0,0.895,31.8,1750781430000
31.758058547973633,-97.21773529052734,0.895,31.8,1750781430000
0.0,0.0,0.884,31.8,1750781430072
0.0,0.0,0.895,31.8,1750781430132
0.0,0.0,0.884,31.8,1750781430233
0.0,0.0,0.884,31.8,1750781430267
0.0,0.0,0.895,31.8,1750781430332
0.0,0.0,0.895,31.8,1750781430416
0.0,0.0,0.884,31.8,1750781430483
0.0,0.0,0.884,31.8,1750781430550
0.0,0.0,0.905,31.8,1750781430633
0.0,0.0,0.915,31.8,1750781430699
0.0,0.0,0.915,31.8,1750781430766
0.0,0.0,0.936,31.8,1750781430833
0.0,0.0,0.947,31.8,1750781430933
0.0,0.0,0.967,31.8,1750781430967
31.7580623626709,-97.21773529052734,0.967,31.8,1750781431000
0.0,0.0,0.967,31.8,1750781431033
0.0,0.0,0.978,31.8,1750781431116
0.0,0.0,0.988,31.8,1750781431183
0.0,0.0,0.988,31.8,1750781431268
0.0,0.0,1.009,31.8,1750781431322
0.0,0.0,1.009,31.8,1750781431404
0.0,0.0,1.019,31.8,1750781431466
0.0,0.0,1.009,31.8,1750781431533
0.0,0.0,1.019,31.8,1750781431600
0.0,0.0,1.03,31.8,1750781431684
0.0,0.0,1.03,31.8,1750781431749
0.0,0.0,1.03,31.8,1750781431833
0.0,0.0,1.03,31.8,1750781431892
0.0,0.0,1.03,31.8,1750781431951
31.758068084716797,-97.21772766113281,1.03,31.8,1750781432000
0.0,0.0,1.03,31.8,1750781432016
0.0,0.0,1.04,31.8,1750781432099
0.0,0.0,1.051,31.8,1750781432166
0.0,0.0,1.04,31.8,1750781432252
0.0,0.0,1.051,31.8,1750781432306
0.0,0.0,1.051,31.8,1750781432366
0.0,0.0,1.061,31.8,1750781432449
0.0,0.0,1.061,31.8,1750781432517
0.0,0.0,1.071,31.8,1750781432582
0.0,0.0,1.071,31.8,1750781432650
0.0,0.0,1.071,31.8,1750781432733
0.0,0.0,1.071,31.8,1750781432799
0.0,0.0,1.082,31.8,1750781432867
0.0,0.0,1.071,31.8,1750781432932
31.758073806762695,-97.21772766113281,1.092,31.8,1750781433000
0.0,0.0,1.092,31.8,1750781433033
0.0,0.0,1.092,31.8,1750781433095
0.0,0.0,1.092,31.8,1750781433141
0.0,0.0,1.092,31.8,1750781433243
0.0,0.0,1.103,31.8,1750781433266
0.0,0.0,1.103,31.8,1750781433349
0.0,0.0,1.092,31.8,1750781433433
0.0,0.0,1.113,31.8,1750781433501
0.0,0.0,1.113,31.8,1750781433566
0.0,0.0,1.113,31.8,1750781433632
0.0,0.0,1.103,31.8,1750781433700
0.0,0.0,1.134,31.8,1750781433770
0.0,0.0,1.123,31.8,1750781433849
0.0,0.0,1.123,31.8,1750781433933
0.0,0.0,1.123,31.8,1750781433992
31.758075714111328,-97.21772003173828,1.123,31.8,1750781434000
0.0,0.0,1.123,31.8,1750781434049
0.0,0.0,1.144,31.8,1750781434124
0.0,0.0,1.144,31.8,1750781434199
0.0,0.0,1.155,31.8,1750781434300
0.0,0.0,1.155,31.8,1750781434333
0.0,0.0,1.175,31.8,1750781434407
0.0,0.0,1.175,31.8,1750781434466
0.0,0.0,1.175,31.8,1750781434549
0.0,0.0,1.175,31.8,1750781434617
0.0,0.0,1.175,31.8,1750781434749
0.0,0.0,1.186,31.8,1750781434833
0.0,0.0,1.186,31.8,1750781434901
0.0,0.0,1.196,31.8,1750781434965
31.75807762145996,-97.21771240234375,1.186,31.8,1750781435000
0.0,0.0,1.186,31.8,1750781435034
0.0,0.0,1.186,31.8,1750781435132
0.0,0.0,1.186,31.8,1750781435193
0.0,0.0,1.186,31.8,1750781435271
0.0,0.0,1.175,31.8,1750781435326
0.0,0.0,1.186,31.8,1750781435382
0.0,0.0,1.196,31.8,1750781435453
0.0,0.0,1.217,31.8,1750781435516
0.0,0.0,1.217,31.8,1750781435599
0.0,0.0,1.228,31.8,1750781435665
0.0,0.0,1.228,31.8,1750781435732
0.0,0.0,1.238,31.8,1750781435800
0.0,0.0,1.238,31.8,1750781435865
0.0,0.0,1.238,31.8,1750781435949
31.758081436157227,-97.21770477294922,1.259,31.8,1750781436000
0.0,0.0,1.259,31.8,1750781436032
0.0,0.0,1.259,31.8,1750781436094
0.0,0.0,1.269,31.8,1750781436150
0.0,0.0,1.269,31.8,1750781436254
0.0,0.0,1.28,31.8,1750781436292
0.0,0.0,1.29,31.8,1750781436366
0.0,0.0,1.29,31.8,1750781436438
0.0,0.0,1.29,31.8,1750781436499
0.0,0.0,1.3,31.8,1750781436566
0.0,0.0,1.3,31.8,1750781436649
0.0,0.0,1.3,31.8,1750781436717
0.0,0.0,1.311,31.8,1750781436784
0.0,0.0,1.3,31.8,1750781436848
0.0,0.0,1.311,31.8,1750781436916
0.0,0.0,1.311,31.8,1750781436999
31.758089065551758,-97.21770477294922,1.311,31.8,1750781437000
0.0,0.0,1.321,31.8,1750781437066
0.0,0.0,1.321,31.8,1750781437139
0.0,0.0,1.332,31.8,1750781437233
0.0,0.0,1.332,31.8,1750781437312
0.0,0.0,1.342,31.8,1750781437357
0.0,0.0,1.342,31.8,1750781437420
0.0,0.0,1.342,31.8,1750781437484
0.0,0.0,1.342,31.8,1750781437549
0.0,0.0,1.342,31.8,1750781437617
0.0,0.0,1.342,31.8,1750781437699
0.0,0.0,1.363,31.8,1750781437767
0.0,0.0,1.352,31.8,1750781437833
0.0,0.0,1.352,31.8,1750781437903
0.0,0.0,1.363,31.8,1750781437967
31.758089065551758,-97.21769714355469,1.363,31.8,1750781438000
0.0,0.0,1.363,31.8,1750781438049
0.0,0.0,1.373,31.8,1750781438132
0.0,0.0,1.373,31.8,1750781438193
0.0,0.0,1.384,31.8,1750781438282
0.0,0.0,1.384,31.8,1750781438316
0.0,0.0,1.394,31.8,1750781438384
0.0,0.0,1.404,31.8,1750781438465
0.0,0.0,1.404,31.8,1750781438535
0.0,0.0,1.404,31.8,1750781438602
0.0,0.0,1.404,31.8,1750781438682
0.0,0.0,1.415,31.8,1750781438751
0.0,0.0,1.415,31.8,1750781438816
0.0,0.0,1.415,31.8,1750781438884
0.0,0.0,1.425,31.8,1750781438951
31.758098602294922,-97.21769714355469,1.425,31.8,1750781439000
0.0,0.0,1.425,31.8,1750781439020
0.0,0.0,1.425,31.8,1750781439098
0.0,0.0,1.436,31.8,1750781439171
0.0,0.0,1.436,31.8,1750781439256
0.0,0.0,1.436,31.8,1750781439332
0.0,0.0,1.436,31.8,1750781439365
0.0,0.0,1.436,31.8,1750781439442
0.0,0.0,1.436,31.8,1750781439515
0.0,0.0,1.436,31.8,1750781439584
0.0,0.0,1.446,31.8,1750781439651
0.0,0.0,1.436,31.8,1750781439719
0.0,0.0,1.446,31.8,1750781439799
0.0,0.0,1.436,31.8,1750781439867
0.0,0.0,1.446,31.8,1750781439934
0.0,0.0,1.446,31.8,1750781440000
31.75810432434082,-97.21769714355469,1.446,31.8,1750781440000
0.0,0.0,1.436,31.8,1750781440076
0.0,0.0,1.446,31.8,1750781440149
0.0,0.0,1.456,31.8,1750781440266
0.0,0.0,1.467,31.8,1750781440299
0.0,0.0,1.467,31.8,1750781440364
0.0,0.0,1.477,31.8,1750781440423
0.0,0.0,1.477,31.8,1750781440499
0.0,0.0,1.477,31.8,1750781440567
0.0,0.0,1.477,31.8,1750781440634
0.0,0.0,1.477,31.8,1750781440702
0.0,0.0,1.477,31.8,1750781440782
0.0,0.0,1.488,31.8,1750781440853
0.0,0.0,1.498,31.8,1750781440918
0.0,0.0,1.498,31.8,1750781440984
31.758108139038086,-97.21768951416016,1.498,31.8,1750781441000
0.0,0.0,1.498,31.8,1750781441053
0.0,0.0,1.498,31.8,1750781441131
0.0,0.0,1.498,31.8,1750781441205
0.0,0.0,1.498,31.8,1750781441295
0.0,0.0,1.519,31.8,1750781441332
0.0,0.0,1.509,31.8,1750781441449
0.0,0.0,1.509,31.8,1750781441483
0.0,0.0,1.509,31.8,1750781441555
0.0,0.0,1.529,31.8,1750781441619
0.0,0.0,1.519,31.8,1750781441684
0.0,0.0,1.519,31.8,1750781441750
0.0,0.0,1.54,31.8,1750781441819
0.0,0.0,1.529,31.8,1750781441899
0.0,0.0,1.529,31.8,1750781441967
31.758113861083984,-97.21768951416016,1.529,31.8,1750781442000
0.0,0.0,1.54,31.8,1750781442035
0.0,0.0,1.54,31.8,1750781442106
0.0,0.0,1.529,31.8,1750781442182
0.0,0.0,1.529,31.8,1750781442283
0.0,0.0,1.529,31.8,1750781442316
0.0,0.0,1.529,31.8,1750781442466
0.0,0.0,1.519,31.8,1750781442499
0.0,0.0,1.519,31.8,1750781442649
0.0,0.0,1.519,31.8,1750781442683
0.0,0.0,1.509,31.8,1750781442739
0.0,0.0,1.509,31.8,1750781442833
0.0,0.0,1.519,31.8,1750781442866
0.0,0.0,1.519,31.8,1750781442999
31.75812339782715,-97.21768951416016,1.519,31.8,1750781443000
0.0,0.0,1.519,31.8,1750781443033
0.0,0.0,1.529,31.8,1750781443089
0.0,0.0,1.529,31.8,1750781443349
0.0,0.0,1.55,31.8,1750781443387
0.0,0.0,1.55,31.8,1750781443444
0.0,0.0,1.561,31.8,1750781443459
0.0,0.0,1.561,31.8,1750781443512
0.0,0.0,1.561,31.8,1750781443532
0.0,0.0,1.571,31.8,1750781443586
0.0,0.0,1.571,31.8,1750781443699
0.0,0.0,1.571,31.8,1750781443734
0.0,0.0,1.571,31.8,1750781443789
0.0,0.0,1.581,31.8,1750781443900
0.0,0.0,1.581,31.8,1750781443932
31.758129119873047,-97.21768951416016,1.581,31.8,1750781444000
0.0,0.0,1.571,31.8,1750781444234
0.0,0.0,1.571,31.8,1750781444267
0.0,0.0,1.571,31.8,1750781444331
0.0,0.0,1.571,31.8,1750781444450
0.0,0.0,1.561,31.8,1750781444482
0.0,0.0,1.561,31.8,1750781444535
0.0,0.0,1.561,31.8,1750781444550
0.0,0.0,1.571,31.8,1750781444620
0.0,0.0,1.571,31.8,1750781444699
0.0,0.0,1.571,31.8,1750781444768
0.0,0.0,1.571,31.8,1750781444833
0.0,0.0,1.581,31.8,1750781444901
0.0,0.0,1.581,31.8,1750781444969
31.758136749267578,-97.21768188476562,1.581,31.8,1750781445000
0.0,0.0,1.581,31.8,1750781445049
0.0,0.0,1.581,31.8,1750781445122
0.0,0.0,1.581,31.8,1750781445298
0.0,0.0,1.581,31.8,1750781445432
0.0,0.0,1.592,31.8,1750781445466
0.0,0.0,1.592,31.8,1750781445565
0.0,0.0,1.592,31.8,1750781445716
0.0,0.0,1.592,31.8,1750781445749
0.0,0.0,1.592,31.8,1750781445804
0.0,0.0,1.592,31.8,1750781445819
0.0,0.0,1.592,31.8,1750781445888
0.0,0.0,1.592,31.8,1750781445949
31.758140563964844,-97.21768188476562,1.592,31.8,1750781446000
0.0,0.0,1.592,31.8,1750781446031
0.0,0.0,1.602,31.8,1750781446108
0.0,0.0,1.613,31.8,1750781446159
0.0,0.0,1.613,31.8,1750781446265
0.0,0.0,1.613,31.8,1750781446299
0.0,0.0,1.613,31.8,1750781446374
0.0,0.0,1.613,31.8,1750781446448
0.0,0.0,1.623,31.8,1750781446518
0.0,0.0,1.623,31.8,1750781446582
0.0,0.0,1.623,31.8,1750781446651
0.0,0.0,1.633,31.8,1750781446732
0.0,0.0,1.623,31.8,1750781446798
0.0,0.0,1.633,31.8,1750781446866
0.0,0.0,1.633,31.8,1750781446934
31.758142471313477,-97.2176742553711,1.623,31.8,1750781447000
0.0,0.0,1.623,31.8,1750781447001
0.0,0.0,1.623,31.8,1750781447081
0.0,0.0,1.613,31.8,1750781447153
0.0,0.0,1.623,31.8,1750781447240
0.0,0.0,1.613,31.8,1750781447265
0.0,0.0,1.623,31.8,1750781447348
0.0,0.0,1.623,31.8,1750781447432
0.0,0.0,1.613,31.8,1750781447504
0.0,0.0,1.613,31.8,1750781447567
0.0,0.0,1.602,31.8,1750781447631
0.0,0.0,1.602,31.8,1750781447731
0.0,0.0,1.602,31.8,1750781447794
0.0,0.0,1.602,31.8,1750781447842
0.0,0.0,1.613,31.8,1750781447915
0.0,0.0,1.613,32.0,1750781447985
31.758148193359375,-97.2176742553711,1.613,32.0,1750781448000
0.0,0.0,1.623,32.0,1750781448051
0.0,0.0,1.633,32.0,1750781448131
0.0,0.0,1.633,32.0,1750781448202
0.0,0.0,1.613,32.0,1750781448289
0.0,0.0,1.613,32.0,1750781448315
0.0,0.0,1.623,32.0,1750781448400
0.0,0.0,1.623,32.0,1750781448465
0.0,0.0,1.623,32.0,1750781448548
0.0,0.0,1.623,32.0,1750781448616
0.0,0.0,1.633,32.0,1750781448682
0.0,0.0,1.623,32.0,1750781448750
0.0,0.0,1.623,32.0,1750781448817
0.0,0.0,1.633,32.0,1750781448899
0.0,0.0,1.623,32.0,1750781448965
31.75815200805664,-97.21766662597656,1.623,32.0,1750781449000
0.0,0.0,1.623,32.0,1750781449032
0.0,0.0,1.623,32.0,1750781449105
0.0,0.0,1.633,32.0,1750781449181
0.0,0.0,1.644,32.0,1750781449282
0.0,0.0,1.644,32.0,1750781449315
0.0,0.0,1.644,32.0,1750781449390
0.0,0.0,1.644,32.0,1750781449465
0.0,0.0,1.644,32.0,1750781449534
0.0,0.0,1.654,32.0,1750781449598
0.0,0.0,1.654,32.0,1750781449667
0.0,0.0,1.654,32.0,1750781449748
0.0,0.0,1.654,32.0,1750781449865
0.0,0.0,1.654,32.0,1750781449948
31.758155822753906,-97.21766662597656,1.654,32.0,1750781450000
0.0,0.0,1.654,32.0,1750781450015
0.0,0.0,1.644,32.0,1750781450088
0.0,0.0,1.644,32.0,1750781450153
0.0,0.0,1.644,32.0,1750781450281
0.0,0.0,1.633,32.0,1750781450315
0.0,0.0,1.633,32.0,1750781450384
0.0,0.0,1.633,32.0,1750781450435
0.0,0.0,1.623,32.0,1750781450515
0.0,0.0,1.644,32.0,1750781450579
0.0,0.0,1.644,32.0,1750781450636
0.0,0.0,1.644,32.0,1750781450782
0.0,0.0,1.633,32.0,1750781450853
0.0,0.0,1.644,32.0,1750781450920
0.0,0.0,1.644,32.0,1750781450998
31.75815773010254,-97.21765899658203,1.644,32.0,1750781451000
0.0,0.0,1.644,32.0,1750781451066
0.0,0.0,1.644,32.0,1750781451139
0.0,0.0,1.654,32.0,1750781451203
0.0,0.0,1.644,32.0,1750781451331
0.0,0.0,1.644,32.0,1750781451365
0.0,0.0,1.644,32.0,1750781451438
0.0,0.0,1.644,32.0,1750781451492
0.0,0.0,1.654,32.0,1750781451551
0.0,0.0,1.633,32.0,1750781451631
0.0,0.0,1.633,32.0,1750781451701
0.0,0.0,1.633,32.0,1750781451767
0.0,0.0,1.633,32.0,1750781451834
0.0,0.0,1.633,32.0,1750781451931
0.0,0.0,1.633,32.0,1750781451995
31.758159637451172,-97.21765899658203,1.633,32.0,1750781452000
0.0,0.0,1.633,32.0,1750781452042
0.0,0.0,1.633,32.0,1750781452114
0.0,0.0,1.633,32.0,1750781452185
0.0,0.0,1.623,32.0,1750781452281
0.0,0.0,1.633,32.0,1750781452316
0.0,0.0,1.633,32.0,1750781452387
0.0,0.0,1.633,32.0,1750781452465
0.0,0.0,1.633,32.0,1750781452534
0.0,0.0,1.644,32.0,1750781452600
0.0,0.0,1.644,32.0,1750781452681
0.0,0.0,1.633,32.0,1750781452748
0.0,0.0,1.633,32.0,1750781452832
0.0,0.0,1.644,32.0,1750781452896
0.0,0.0,1.654,32.0,1750781452951
31.758161544799805,-97.2176513671875,1.644,32.0,1750781453000
0.0,0.0,1.644,32.0,1750781453031
0.0,0.0,1.654,32.0,1750781453107
0.0,0.0,1.644,32.0,1750781453163
0.0,0.0,1.644,32.0,1750781453268
0.0,0.0,1.644,32.0,1750781453298
0.0,0.0,1.633,32.0,1750781453367
0.0,0.0,1.644,32.0,1750781453448
0.0,0.0,1.644,32.0,1750781453516
0.0,0.0,1.644,32.0,1750781453584
0.0,0.0,1.644,32.0,1750781453649
0.0,0.0,1.623,32.0,1750781453731
0.0,0.0,1.633,32.0,1750781453797
0.0,0.0,1.633,32.0,1750781453867
0.0,0.0,1.633,32.0,1750781453932
31.75816535949707,-97.2176513671875,1.633,32.0,1750781454000
0.0,0.0,1.633,32.0,1750781454031
0.0,0.0,1.633,32.0,1750781454093
0.0,0.0,1.644,32.0,1750781454144
0.0,0.0,1.644,32.0,1750781454253
0.0,0.0,1.633,32.0,1750781454280
0.0,0.0,1.644,32.0,1750781454348
0.0,0.0,1.644,32.0,1750781454430
0.0,0.0,1.644,32.0,1750781454499
0.0,0.0,1.644,32.0,1750781454565
0.0,0.0,1.644,32.0,1750781454634
0.0,0.0,1.654,32.0,1750781454700
0.0,0.0,1.654,32.0,1750781454780
0.0,0.0,1.654,32.0,1750781454881
0.0,0.0,1.654,32.0,1750781454946
0.0,0.0,1.654,32.0,1750781454989
31.758169174194336,-97.21764373779297,1.654,32.0,1750781455000
0.0,0.0,1.654,32.0,1750781455050
0.0,0.0,1.654,32.0,1750781455131
0.0,0.0,1.654,32.0,1750781455281
0.0,0.0,1.654,32.0,1750781455345
0.0,0.0,1.654,32.0,1750781455408
0.0,0.0,1.654,32.0,1750781455481
0.0,0.0,1.654,32.0,1750781455549
0.0,0.0,1.654,32.0,1750781455616
0.0,0.0,1.654,32.0,1750781455682
0.0,0.0,1.654,32.0,1750781455752
0.0,0.0,1.654,32.0,1750781455831
0.0,0.0,1.644,32.0,1750781455901
0.0,0.0,1.644,32.0,1750781455966
31.758174896240234,-97.21764373779297,1.644,32.0,1750781456000
0.0,0.0,1.644,32.0,1750781456032
0.0,0.0,1.644,32.0,1750781456181
0.0,0.0,1.644,32.0,1750781456283
0.0,0.0,1.644,32.0,1750781456314
0.0,0.0,1.654,32.0,1750781456396
0.0,0.0,1.654,32.0,1750781456460
0.0,0.0,1.654,32.0,1750781456531
0.0,0.0,1.654,32.0,1750781456601
0.0,0.0,1.654,32.0,1750781456668
0.0,0.0,1.654,32.0,1750781456733
0.0,0.0,1.654,32.0,1750781456802
0.0,0.0,1.654,32.0,1750781456881
0.0,0.0,1.654,32.0,1750781456952
31.7581787109375,-97.21764373779297,1.654,32.2,1750781457000
0.0,0.0,1.654,32.2,1750781457032
0.0,0.0,1.644,32.2,1750781457093
0.0,0.0,1.644,32.2,1750781457152
0.0,0.0,1.644,32.2,1750781457269
0.0,0.0,1.654,32.2,1750781457297
0.0,0.0,1.654,32.2,1750781457371
0.0,0.0,1.654,32.2,1750781457440
0.0,0.0,1.644,32.2,1750781457501
0.0,0.0,1.644,32.2,1750781457581
0.0,0.0,1.644,32.2,1750781457651
0.0,0.0,1.654,32.2,1750781457715
0.0,0.0,1.654,32.2,1750781457782
0.0,0.0,1.654,32.2,1750781457849
0.0,0.0,1.654,32.2,1750781457930
0.0,0.0,1.654,32.2,1750781457999
31.758182525634766,-97.21764373779297,1.654,32.2,1750781458000
0.0,0.0,1.654,32.2,1750781458065
0.0,0.0,1.654,32.2,1750781458138
0.0,0.0,1.644,32.2,1750781458214
0.0,0.0,1.644,32.2,1750781458318
0.0,0.0,1.644,32.2,1750781458348
0.0,0.0,1.654,32.2,1750781458431
0.0,0.0,1.654,32.2,1750781458492
0.0,0.0,1.644,32.2,1750781458552
0.0,0.0,1.644,32.2,1750781458631
0.0,0.0,1.644,32.2,1750781458699
0.0,0.0,1.644,32.2,1750781458765
0.0,0.0,1.644,32.2,1750781458834
0.0,0.0,1.633,32.2,1750781458900
0.0,0.0,1.644,32.2,1750781458966
31.7581844329834,-97.21763610839844,1.644,32.2,1750781459000
0.0,0.0,1.644,32.2,1750781459047
0.0,0.0,1.644,32.2,1750781459181
0.0,0.0,1.644,32.2,1750781459298
0.0,0.0,1.644,32.2,1750781459331
0.0,0.0,1.644,32.2,1750781459412
0.0,0.0,1.644,32.2,1750781459475
0.0,0.0,1.644,32.2,1750781459529
0.0,0.0,1.644,32.2,1750781459597
0.0,0.0,1.644,32.2,1750781459681
0.0,0.0,1.654,32.2,1750781459753
0.0,0.0,1.654,32.2,1750781459816
0.0,0.0,1.654,32.2,1750781459882
0.0,0.0,1.644,32.2,1750781459953
31.758188247680664,-97.2176284790039,1.633,32.2,1750781460000
0.0,0.0,1.633,32.2,1750781460031
0.0,0.0,1.633,32.2,1750781460105
0.0,0.0,1.633,32.2,1750781460160
0.0,0.0,1.633,32.2,1750781460270
0.0,0.0,1.633,32.2,1750781460330
0.0,0.0,1.633,32.2,1750781460376
0.0,0.0,1.633,32.2,1750781460453
0.0,0.0,1.633,32.2,1750781460519
0.0,0.0,1.633,32.2,1750781460586
0.0,0.0,1.623,32.2,1750781460656
0.0,0.0,1.633,32.2,1750781460730
0.0,0.0,1.633,32.2,1750781460802
0.0,0.0,1.623,32.2,1750781460865
0.0,0.0,1.623,32.2,1750781460931
31.75819206237793,-97.2176284790039,1.623,32.2,1750781461000
0.0,0.0,1.623,32.2,1750781461002
0.0,0.0,1.623,32.2,1750781461080
0.0,0.0,1.623,32.2,1750781461152
0.0,0.0,1.623,32.2,1750781461247
0.0,0.0,1.623,32.2,1750781461282
0.0,0.0,1.623,32.2,1750781461360
0.0,0.0,1.623,32.2,1750781461438
0.0,0.0,1.623,32.2,1750781461530
0.0,0.0,1.633,32.2,1750781461564
0.0,0.0,1.633,32.2,1750781461639
0.0,0.0,1.633,32.2,1750781461701
0.0,0.0,1.633,32.2,1750781461780
0.0,0.0,1.633,32.2,1750781461852
0.0,0.0,1.633,32.2,1750781461916
0.0,0.0,1.623,32.2,1750781461983
31.758195877075195,-97.21762084960938,1.623,32.2,1750781462000
0.0,0.0,1.623,32.2,1750781462052
0.0,0.0,1.613,32.2,1750781462130
0.0,0.0,1.613,32.2,1750781462202
0.0,0.0,1.613,32.2,1750781462307
0.0,0.0,1.613,32.2,1750781462331
0.0,0.0,1.592,32.2,1750781462431
0.0,0.0,1.592,32.2,1750781462496
0.0,0.0,1.592,32.2,1750781462545
0.0,0.0,1.581,32.2,1750781462614
0.0,0.0,1.581,32.2,1750781462686
0.0,0.0,1.581,32.2,1750781462751
0.0,0.0,1.581,32.2,1750781462830
0.0,0.0,1.571,32.2,1750781462902
0.0,0.0,1.581,32.2,1750781462966
31.75819969177246,-97.21762084960938,1.581,32.2,1750781463000
0.0,0.0,1.581,32.2,1750781463032
0.0,0.0,1.581,32.2,1750781463107
0.0,0.0,1.592,32.2,1750781463180
0.0,0.0,1.613,32.2,1750781463290
0.0,0.0,1.602,32.2,1750781463314
0.0,0.0,1.602,32.2,1750781463395
0.0,0.0,1.602,32.2,1750781463462
0.0,0.0,1.602,32.2,1750781463520
0.0,0.0,1.602,32.2,1750781463597
0.0,0.0,1.602,32.2,1750781463668
0.0,0.0,1.592,32.2,1750781463734
0.0,0.0,1.592,32.2,1750781463814
0.0,0.0,1.592,32.2,1750781463881
0.0,0.0,1.581,32.2,1750781463953
31.75820541381836,-97.21761322021484,1.571,32.2,1750781464000
0.0,0.0,1.571,32.2,1750781464015
0.0,0.0,1.55,32.2,1750781464120
0.0,0.0,1.55,32.2,1750781464147
0.0,0.0,1.55,32.2,1750781464266
0.0,0.0,1.55,32.2,1750781464311
0.0,0.0,1.55,32.2,1750781464369
0.0,0.0,1.54,32.2,1750781464448
0.0,0.0,1.54,32.2,1750781464530
0.0,0.0,1.54,32.2,1750781464593
0.0,0.0,1.54,32.2,1750781464646
0.0,0.0,1.54,32.2,1750781464714
0.0,0.0,1.55,32.2,1750781464782
0.0,0.0,1.55,32.2,1750781464853
0.0,0.0,1.561,32.2,1750781464930
0.0,0.0,1.54,32.2,1750781464999
31.758209228515625,-97.21761322021484,1.54,32.2,1750781465000
0.0,0.0,1.55,32.2,1750781465065
0.0,0.0,1.55,32.2,1750781465139
0.0,0.0,1.55,32.2,1750781465204
0.0,0.0,1.54,32.2,1750781465331
0.0,0.0,1.54,32.2,1750781465364
0.0,0.0,1.529,32.2,1750781465450
0.0,0.0,1.529,32.2,1750781465480
0.0,0.0,1.529,32.2,1750781465557
0.0,0.0,1.529,32.2,1750781465630
0.0,0.0,1.529,32.2,1750781465704
0.0,0.0,1.529,32.2,1750781465770
0.0,0.0,1.54,32.2,1750781465835
0.0,0.0,1.529,32.2,1750781465900
0.0,0.0,1.54,32.2,1750781465967
31.75821304321289,-97.21760559082031,1.54,32.2,1750781466000
0.0,0.0,1.54,32.2,1750781466047
0.0,0.0,1.55,32.2,1750781466123
0.0,0.0,1.55,32.2,1750781466186
0.0,0.0,1.55,32.2,1750781466295
0.0,0.0,1.55,32.2,1750781466330
0.0,0.0,1.55,32.2,1750781466417
0.0,0.0,1.55,32.2,1750781466447
0.0,0.0,1.55,32.2,1750781466547
0.0,0.0,1.55,32.2,1750781466630
0.0,0.0,1.561,32.2,1750781466664
0.0,0.0,1.561,32.2,1750781466741
0.0,0.0,1.561,32.2,1750781466816
0.0,0.0,1.561,32.2,1750781466883
0.0,0.0,1.55,32.2,1750781466949
31.758216857910156,-97.21760559082031,1.561,32.2,1750781467000
0.0,0.0,1.561,32.2,1750781467030
0.0,0.0,1.55,32.2,1750781467105
0.0,0.0,1.55,32.2,1750781467158
0.0,0.0,1.55,32.2,1750781467265
0.0,0.0,1.55,32.2,1750781467297
0.0,0.0,1.561,32.2,1750781467375
0.0,0.0,1.55,32.2,1750781467460
0.0,0.0,1.55,32.2,1750781467538
0.0,0.0,1.55,32.2,1750781467564
0.0,0.0,1.55,32.2,1750781467680
0.0,0.0,1.55,32.2,1750781467713
0.0,0.0,1.54,32.2,1750781467788
0.0,0.0,1.529,32.2,1750781467863
0.0,0.0,1.54,32.2,1750781467934
0.0,0.0,1.529,32.2,1750781467998
31.758220672607422,-97.21759796142578,1.529,32.2,1750781468000
0.0,0.0,1.529,32.2,1750781468080
0.0,0.0,1.529,32.2,1750781468154
0.0,0.0,1.529,32.2,1750781468211
0.0,0.0,1.529,32.2,1750781468317
0.0,0.0,1.529,32.2,1750781468347
0.0,0.0,1.529,32.2,1750781468430
0.0,0.0,1.529,32.2,1750781468502
0.0,0.0,1.54,32.2,1750781468570
0.0,0.0,1.54,32.2,1750781468637
0.0,0.0,1.54,32.2,1750781468714
0.0,0.0,1.55,32.2,1750781468787
0.0,0.0,1.55,32.2,1750781468844
0.0,0.0,1.55,32.2,1750781468913
0.0,0.0,1.55,32.2,1750781468982
31.758222579956055,-97.21759796142578,1.55,32.2,1750781469000
0.0,0.0,1.55,32.2,1750781469050
0.0,0.0,1.55,32.2,1750781469130
0.0,0.0,1.54,32.2,1750781469202
0.0,0.0,1.54,32.2,1750781469305
0.0,0.0,1.54,32.2,1750781469330
0.0,0.0,1.54,32.2,1750781469409
0.0,0.0,1.54,32.2,1750781469490
0.0,0.0,1.54,32.2,1750781469546
0.0,0.0,1.54,32.2,1750781469630
0.0,0.0,1.529,32.2,1750781469696
0.0,0.0,1.529,32.2,1750781469752
0.0,0.0,1.529,32.2,1750781469830
0.0,0.0,1.529,32.2,1750781469903
0.0,0.0,1.529,32.2,1750781469970
31.75822639465332,-97.21759033203125,1.529,32.2,1750781470000
0.0,0.0,1.529,32.2,1750781470036
0.0,0.0,1.529,32.2,1750781470110
0.0,0.0,1.519,32.2,1750781470193
0.0,0.0,1.529,32.2,1750781470321
0.0,0.0,1.529,32.2,1750781470348
0.0,0.0,1.529,32.2,1750781470423
0.0,0.0,1.529,32.2,1750781470492
0.0,0.0,1.529,32.2,1750781470549
0.0,0.0,1.529,32.2,1750781470620
0.0,0.0,1.529,32.2,1750781470685
0.0,0.0,1.529,32.2,1750781470754
0.0,0.0,1.54,32.2,1750781470848
0.0,0.0,1.54,32.2,1750781470880
0.0,0.0,1.54,32.2,1750781470967
0.0,0.0,1.55,32.2,1750781470997
31.758230209350586,-97.21758270263672,1.55,32.2,1750781471000
0.0,0.0,1.55,32.2,1750781471086
0.0,0.0,1.54,32.2,1750781471162
0.0,0.0,1.54,32.2,1750781471245
0.0,0.0,1.54,32.2,1750781471348
0.0,0.0,1.54,32.2,1750781471419
0.0,0.0,1.55,32.2,1750781471451
0.0,0.0,1.55,32.2,1750781471541
0.0,0.0,1.54,32.2,1750781471600
0.0,0.0,1.54,32.2,1750781471666
0.0,0.0,1.54,32.2,1750781471741
0.0,0.0,1.54,32.2,1750781471780
0.0,0.0,1.529,32.2,1750781471858
0.0,0.0,1.529,32.2,1750781471939
31.75823402404785,-97.21758270263672,1.529,32.4,1750781472000
0.0,0.0,1.529,32.4,1750781472031
0.0,0.0,1.529,32.4,1750781472063
0.0,0.0,1.529,32.4,1750781472157
0.0,0.0,1.519,32.4,1750781472182
0.0,0.0,1.519,32.4,1750781472323
0.0,0.0,1.519,32.4,1750781472348
0.0,0.0,1.519,32.4,1750781472452
0.0,0.0,1.519,32.4,1750781472482
0.0,0.0,1.519,32.4,1750781472576
0.0,0.0,1.529,32.4,1750781472614
0.0,0.0,1.529,32.4,1750781472708
0.0,0.0,1.529,32.4,1750781472794
0.0,0.0,1.529,32.4,1750781472831
0.0,0.0,1.529,32.4,1750781472921
0.0,0.0,1.529,32.4,1750781472981
31.758237838745117,-97.21757507324219,1.529,32.4,1750781473000
0.0,0.0,1.529,32.4,1750781473042
0.0,0.0,1.529,32.4,1750781473126
0.0,0.0,1.519,32.4,1750781473186
0.0,0.0,1.529,32.4,1750781473310
0.0,0.0,1.529,32.4,1750781473369
0.0,0.0,1.519,32.4,1750781473443
0.0,0.0,1.519,32.4,1750781473502
0.0,0.0,1.519,32.4,1750781473565
0.0,0.0,1.498,32.4,1750781473635
0.0,0.0,1.498,32.4,1750781473701
0.0,0.0,1.498,32.4,1750781473767
0.0,0.0,1.498,32.4,1750781473835
0.0,0.0,1.498,32.4,1750781473863
0.0,0.0,1.498,32.4,1750781473949
31.758243560791016,-97.21757507324219,1.509,32.4,1750781474000
0.0,0.0,1.509,32.4,1750781474021
0.0,0.0,1.509,32.4,1750781474147
0.0,0.0,1.509,32.4,1750781474181
0.0,0.0,1.509,32.4,1750781474314
0.0,0.0,1.509,32.4,1750781474365
0.0,0.0,1.509,32.4,1750781474423
0.0,0.0,1.519,32.4,1750781474491
0.0,0.0,1.519,32.4,1750781474551
0.0,0.0,1.519,32.4,1750781474619
0.0,0.0,1.519,32.4,1750781474684
0.0,0.0,1.519,32.4,1750781474752
0.0,0.0,1.509,32.4,1750781474815
0.0,0.0,1.509,32.4,1750781474886
0.0,0.0,1.498,32.4,1750781474951
31.758249282836914,-97.21756744384766,1.509,32.4,1750781475000
0.0,0.0,1.509,32.4,1750781475048
0.0,0.0,1.498,32.4,1750781475081
0.0,0.0,1.488,32.4,1750781475182
0.0,0.0,1.488,32.4,1750781475214
0.0,0.0,1.509,32.4,1750781475356
0.0,0.0,1.498,32.4,1750781475381
0.0,0.0,1.488,32.4,1750781475476
0.0,0.0,1.488,32.4,1750781475497
0.0,0.0,1.477,32.4,1750781475591
0.0,0.0,1.477,32.4,1750781475631
0.0,0.0,1.477,32.4,1750781475726
0.0,0.0,1.488,32.4,1750781475764
0.0,0.0,1.488,32.4,1750781475858
0.0,0.0,1.488,32.4,1750781475945
0.0,0.0,1.488,32.4,1750781475981
31.75825309753418,-97.21755981445312,1.488,32.4,1750781476000
0.0,0.0,1.488,32.4,1750781476076
0.0,0.0,1.477,32.4,1750781476114
0.0,0.0,1.488,32.4,1750781476214
0.0,0.0,1.488,32.4,1750781476281
0.0,0.0,1.488,32.4,1750781476388
0.0,0.0,1.488,32.4,1750781476414
0.0,0.0,1.477,32.4,1750781476521
0.0,0.0,1.477,32.4,1750781476582
0.0,0.0,1.477,32.4,1750781476654
0.0,0.0,1.477,32.4,1750781476715
0.0,0.0,1.477,32.4,1750781476785
0.0,0.0,1.456,32.4,1750781476851
0.0,0.0,1.456,32.4,1750781476919
0.0,0.0,1.467,32.4,1750781476982
31.758256912231445,-97.21755981445312,1.467,32.4,1750781477000
0.0,0.0,1.467,32.4,1750781477052
0.0,0.0,1.456,32.4,1750781477147
0.0,0.0,1.456,32.4,1750781477181
0.0,0.0,1.456,32.4,1750781477325
0.0,0.0,1.456,32.4,1750781477347
0.0,0.0,1.456,32.4,1750781477419
0.0,0.0,1.456,32.4,1750781477488
0.0,0.0,1.456,32.4,1750781477550
0.0,0.0,1.456,32.4,1750781477618
0.0,0.0,1.456,32.4,1750781477682
0.0,0.0,1.456,32.4,1750781477754
0.0,0.0,1.456,32.4,1750781477821
0.0,0.0,1.456,32.4,1750781477885
0.0,0.0,1.456,32.4,1750781477962
31.75826072692871,-97.2175521850586,1.456,32.4,1750781478000
0.0,0.0,1.446,32.4,1750781478081
0.0,0.0,1.446,32.4,1750781478170
0.0,0.0,1.446,32.4,1750781478231
0.0,0.0,1.436,32.4,1750781478381
0.0,0.0,1.436,32.4,1750781478414
0.0,0.0,1.446,32.4,1750781478497
0.0,0.0,1.436,32.4,1750781478517
0.0,0.0,1.425,32.4,1750781478601
0.0,0.0,1.425,32.4,1750781478664
0.0,0.0,1.415,32.4,1750781478735
0.0,0.0,1.415,32.4,1750781478802
0.0,0.0,1.415,32.4,1750781478871
0.0,0.0,1.415,32.4,1750781478939
31.758262634277344,-97.21754455566406,1.415,32.4,1750781479000
0.0,0.0,1.415,32.4,1750781479002
0.0,0.0,1.415,32.4,1750781479085
0.0,0.0,1.425,32.4,1750781479151
0.0,0.0,1.425,32.4,1750781479281
0.0,0.0,1.425,32.4,1750781479314
0.0,0.0,1.404,32.4,1750781479391
0.0,0.0,1.415,32.4,1750781479469
0.0,0.0,1.415,32.4,1750781479537
0.0,0.0,1.415,32.4,1750781479564
0.0,0.0,1.404,32.4,1750781479650
0.0,0.0,1.404,32.4,1750781479716
0.0,0.0,1.404,32.4,1750781479785
0.0,0.0,1.404,32.4,1750781479856
0.0,0.0,1.404,32.4,1750781479916
0.0,0.0,1.394,32.4,1750781479985
31.75826644897461,-97.21754455566406,1.394,32.4,1750781480000
0.0,0.0,1.384,32.4,1750781480071
0.0,0.0,1.384,32.4,1750781480136
0.0,0.0,1.384,32.4,1750781480214
0.0,0.0,1.384,32.4,1750781480304
0.0,0.0,1.384,32.4,1750781480457
0.0,0.0,1.373,32.4,1750781480511
0.0,0.0,1.373,32.4,1750781480532
0.0,0.0,1.373,32.4,1750781480615
0.0,0.0,1.373,32.4,1750781480639
0.0,0.0,1.373,32.4,1750781480719
0.0,0.0,1.363,32.4,1750781480787
0.0,0.0,1.363,32.4,1750781480848
0.0,0.0,1.363,32.4,1750781480921
31.758272171020508,-97.21753692626953,1.363,32.4,1750781481000
0.0,0.0,1.363,32.4,1750781481030
0.0,0.0,1.363,32.4,1750781481119
0.0,0.0,1.363,32.4,1750781481202
0.0,0.0,1.352,32.4,1750781481281
0.0,0.0,1.352,32.4,1750781481417
0.0,0.0,1.363,32.4,1750781481454
0.0,0.0,1.363,32.4,1750781481530
0.0,0.0,1.352,32.4,1750781481554
0.0,0.0,1.352,32.4,1750781481639
0.0,0.0,1.352,32.4,1750781481704
0.0,0.0,1.352,32.4,1750781481766
0.0,0.0,1.352,32.4,1750781481838
0.0,0.0,1.352,32.4,1750781481899
0.0,0.0,1.352,32.4,1750781481970
31.758275985717773,-97.21753692626953,1.352,32.4,1750781482000
0.0,0.0,1.342,32.4,1750781482033
0.0,0.0,1.342,32.4,1750781482105
0.0,0.0,1.342,32.4,1750781482185
0.0,0.0,1.342,32.4,1750781482268
0.0,0.0,1.332,32.4,1750781482406
0.0,0.0,1.342,32.4,1750781482463
0.0,0.0,1.332,32.4,1750781482491
0.0,0.0,1.321,32.4,1750781482572
0.0,0.0,1.321,32.4,1750781482599
0.0,0.0,1.321,32.4,1750781482680
0.0,0.0,1.321,32.4,1750781482741
0.0,0.0,1.311,32.4,1750781482820
0.0,0.0,1.311,32.4,1750781482881
0.0,0.0,1.311,32.4,1750781482953
31.758283615112305,-97.217529296875,1.311,32.4,1750781483000
0.0,0.0,1.311,32.4,1750781483015
0.0,0.0,1.311,32.4,1750781483087
0.0,0.0,1.311,32.4,1750781483164
0.0,0.0,1.3,32.4,1750781483285
0.0,0.0,1.3,32.4,1750781483406
0.0,0.0,1.3,32.4,1750781483466
0.0,0.0,1.29,32.4,1750781483491
0.0,0.0,1.29,32.4,1750781483572
0.0,0.0,1.29,32.4,1750781483599
0.0,0.0,1.29,32.4,1750781483681
0.0,0.0,1.28,32.4,1750781483705
0.0,0.0,1.28,32.4,1750781483784
0.0,0.0,1.28,32.4,1750781483863
0.0,0.0,1.28,32.4,1750781483898
0.0,0.0,1.269,32.4,1750781483994
31.75828742980957,-97.21752166748047,1.269,32.4,1750781484000
0.0,0.0,1.269,32.4,1750781484030
0.0,0.0,1.269,32.4,1750781484142
0.0,0.0,1.269,32.4,1750781484165
0.0,0.0,1.269,32.4,1750781484299
0.0,0.0,1.269,32.4,1750781484385
0.0,0.0,1.269,32.4,1750781484495
0.0,0.0,1.269,32.4,1750781484523
0.0,0.0,1.269,32.4,1750781484626
0.0,0.0,1.269,32.4,1750781484649
0.0,0.0,1.259,32.4,1750781484739
0.0,0.0,1.259,32.4,1750781484764
0.0,0.0,1.259,32.4,1750781484849
0.0,0.0,1.259,32.4,1750781484919
0.0,0.0,1.259,32.4,1750781484988
31.758289337158203,-97.21752166748047,1.259,32.4,1750781485000
0.0,0.0,1.259,32.4,1750781485057
0.0,0.0,1.248,32.4,1750781485118
0.0,0.0,1.238,32.4,1750781485210
0.0,0.0,1.238,32.4,1750781485280
0.0,0.0,1.238,32.4,1750781485430
0.0,0.0,1.228,32.4,1750781485470
0.0,0.0,1.228,32.4,1750781485570
0.0,0.0,1.228,32.4,1750781485594
0.0,0.0,1.228,32.4,1750781485679
0.0,0.0,1.228,32.4,1750781485702
0.0,0.0,1.228,32.4,1750781485788
0.0,0.0,1.217,32.4,1750781485811
0.0,0.0,1.217,32.4,1750781485898
0.0,0.0,1.217,32.4,1750781485966
31.75829315185547,-97.21752166748047,1.217,32.4,1750781486000
0.0,0.0,1.217,32.4,1750781486034
0.0,0.0,1.207,32.4,1750781486106
0.0,0.0,1.207,32.4,1750781486183
0.0,0.0,1.207,32.4,1750781486269
0.0,0.0,1.207,32.4,1750781486361
0.0,0.0,1.207,32.4,1750781486500
0.0,0.0,1.207,32.4,1750781486530
0.0,0.0,1.196,32.4,1750781486612
0.0,0.0,1.196,32.4,1750781486637
0.0,0.0,1.207,32.4,1750781486716
0.0,0.0,1.207,32.4,1750781486740
0.0,0.0,1.207,32.4,1750781486830
0.0,0.0,1.196,32.4,1750781486855
0.0,0.0,1.196,32.4,1750781486950
31.7582950592041,-97.21752166748047,1.196,32.4,1750781487000
0.0,0.0,1.196,32.4,1750781487025
0.0,0.0,1.196,32.4,1750781487086
0.0,0.0,1.186,32.4,1750781487172
0.0,0.0,1.186,32.4,1750781487249
0.0,0.0,1.196,32.4,1750781487382
0.0,0.0,1.196,32.4,1750781487411
0.0,0.0,1.186,32.4,1750781487526
0.0,0.0,1.186,32.4,1750781487551
0.0,0.0,1.175,32.4,1750781487640
0.0,0.0,1.175,32.4,1750781487668
0.0,0.0,1.175,32.4,1750781487750
0.0,0.0,1.165,32.4,1750781487774
0.0,0.0,1.165,32.4,1750781487860
0.0,0.0,1.165,32.4,1750781487932
31.758298873901367,-97.21751403808594,1.165,32.4,1750781488000
0.0,0.0,1.165,32.4,1750781488001
0.0,0.0,1.155,32.4,1750781488059
0.0,0.0,1.155,32.4,1750781488161
0.0,0.0,1.144,32.4,1750781488199
0.0,0.0,1.144,32.4,1750781488359
0.0,0.0,1.144,32.4,1750781488388
0.0,0.0,1.134,32.4,1750781488485
0.0,0.0,1.134,32.4,1750781488508
0.0,0.0,1.134,32.4,1750781488597
0.0,0.0,1.134,32.4,1750781488622
0.0,0.0,1.144,32.4,1750781488707
0.0,0.0,1.144,32.4,1750781488732
0.0,0.0,1.134,32.4,1750781488847
0.0,0.0,1.134,32.4,1750781488880
0.0,0.0,1.134,32.4,1750781488974
31.75830078125,-97.2175064086914,1.134,32.4,1750781489000
0.0,0.0,1.134,32.4,1750781489041
0.0,0.0,1.134,32.4,1750781489121
0.0,0.0,1.134,32.4,1750781489203
0.0,0.0,1.134,32.4,1750781489374
0.0,0.0,1.123,32.4,1750781489476
0.0,0.0,1.123,32.4,1750781489516
0.0,0.0,1.123,32.4,1750781489625
0.0,0.0,1.113,32.4,1750781489648
0.0,0.0,1.103,32.4,1750781489760
0.0,0.0,1.103,32.4,1750781489796
0.0,0.0,1.092,32.4,1750781489888
0.0,0.0,1.092,32.4,1750781489953
31.75830078125,-97.21749877929688,1.092,32.4,1750781490000
0.0,0.0,1.092,32.4,1750781490029
0.0,0.0,1.092,32.4,1750781490097
0.0,0.0,1.092,32.4,1750781490171
0.0,0.0,1.092,32.4,1750781490248
0.0,0.0,1.092,32.4,1750781490407
0.0,0.0,1.092,32.4,1750781490436
0.0,0.0,1.082,32.4,1750781490543
0.0,0.0,1.082,32.4,1750781490572
0.0,0.0,1.082,32.4,1750781490665
0.0,0.0,1.071,32.4,1750781490750
0.0,0.0,1.082,32.4,1750781490780
0.0,0.0,1.082,32.4,1750781490860
0.0,0.0,1.082,32.4,1750781490943
0.0,0.0,1.082,32.4,1750781490979
31.758304595947266,-97.21749877929688,1.082,32.4,1750781491000
0.0,0.0,1.082,32.4,1750781491076
0.0,0.0,1.061,32.4,1750781491137
0.0,0.0,1.061,32.4,1750781491222
0.0,0.0,1.061,32.4,1750781491297
0.0,0.0,1.061,32.4,1750781491450
0.0,0.0,1.051,32.4,1750781491486
0.0,0.0,1.051,32.4,1750781491593
0.0,0.0,1.061,32.4,1750781491621
0.0,0.0,1.051,32.4,1750781491721
0.0,0.0,1.04,32.4,1750781491747
0.0,0.0,1.04,32.4,1750781491832
0.0,0.0,1.04,32.4,1750781491859
0.0,0.0,1.04,32.4,1750781491948
0.0,0.0,1.04,32.4,1750781491974
31.758302688598633,-97.21749877929688,1.04,32.4,1750781492000
0.0,0.0,1.04,32.4,1750781492059
0.0,0.0,1.03,32.4,1750781492130
0.0,0.0,1.03,32.4,1750781492214
0.0,0.0,1.04,32.4,1750781492285
0.0,0.0,1.04,32.4,1750781492437
0.0,0.0,1.04,32.4,1750781492509
0.0,0.0,1.019,32.4,1750781492538
0.0,0.0,1.019,32.4,1750781492633
0.0,0.0,1.019,32.4,1750781492657
0.0,0.0,1.009,32.4,1750781492744
0.0,0.0,1.009,32.4,1750781492772
0.0,0.0,1.009,32.4,1750781492856
0.0,0.0,1.009,32.4,1750781492881
0.0,0.0,1.009,32.4,1750781492973
31.75830841064453,-97.21749114990234,1.009,32.4,1750781493000
0.0,0.0,0.988,32.4,1750781493096
0.0,0.0,0.988,32.4,1750781493129
0.0,0.0,0.978,32.4,1750781493253
0.0,0.0,0.978,32.4,1750781493283
0.0,0.0,0.978,32.4,1750781493476
0.0,0.0,0.988,32.4,1750781493555
0.0,0.0,0.988,32.4,1750781493618
0.0,0.0,0.988,32.4,1750781493646
0.0,0.0,0.988,32.4,1750781493738
0.0,0.0,0.988,32.4,1750781493761
0.0,0.0,0.988,32.4,1750781493848
0.0,0.0,0.988,32.4,1750781493873
0.0,0.0,0.988,32.4,1750781493978
31.758312225341797,-97.21748352050781,0.999,32.4,1750781494000
0.0,0.0,0.999,32.4,1750781494013
0.0,0.0,0.999,32.4,1750781494097
0.0,0.0,0.988,32.4,1750781494184
0.0,0.0,0.988,32.4,1750781494215
0.0,0.0,0.978,32.4,1750781494321
0.0,0.0,0.978,32.4,1750781494409
0.0,0.0,0.978,32.4,1750781494523
0.0,0.0,0.978,32.4,1750781494566
0.0,0.0,0.967,32.4,1750781494668
0.0,0.0,0.967,32.4,1750781494696
0.0,0.0,0.967,32.4,1750781494796
0.0,0.0,0.967,32.4,1750781494825
0.0,0.0,0.957,32.4,1750781494917
0.0,0.0,0.967,32.4,1750781494947
31.75831413269043,-97.21748352050781,0.967,32.4,1750781495000
0.0,0.0,0.967,32.4,1750781495040
0.0,0.0,0.967,32.4,1750781495069
0.0,0.0,0.967,32.4,1750781495189
0.0,0.0,0.967,32.4,1750781495215
0.0,0.0,0.967,32.4,1750781495318
0.0,0.0,0.967,32.4,1750781495479
0.0,0.0,0.967,32.4,1750781495517
0.0,0.0,0.967,32.4,1750781495618
0.0,0.0,0.957,32.4,1750781495647
0.0,0.0,0.957,32.4,1750781495748
0.0,0.0,0.957,32.4,1750781495776
0.0,0.0,0.957,32.4,1750781495877
0.0,0.0,0.957,32.4,1750781495909
31.75831413269043,-97.21747589111328,0.957,32.4,1750781496000
0.0,0.0,0.957,32.4,1750781496014
0.0,0.0,0.957,32.4,1750781496091
0.0,0.0,0.957,32.4,1750781496167
0.0,0.0,0.957,32.4,1750781496196
0.0,0.0,0.947,32.4,1750781496297
0.0,0.0,0.947,32.4,1750781496395
0.0,0.0,0.957,32.4,1750781496503
0.0,0.0,0.967,32.4,1750781496537
0.0,0.0,0.957,32.4,1750781496642
0.0,0.0,0.957,32.4,1750781496671
0.0,0.0,0.947,32.4,1750781496774
0.0,0.0,0.957,32.4,1750781496803
0.0,0.0,0.947,32.4,1750781496909
0.0,0.0,0.957,32.4,1750781496940
31.758316040039062,-97.21746826171875,0.957,32.4,1750781497000
0.0,0.0,0.957,32.4,1750781497043
0.0,0.0,0.957,32.4,1750781497072
0.0,0.0,0.967,32.4,1750781497185
0.0,0.0,0.957,32.4,1750781497214
0.0,0.0,0.957,32.4,1750781497315
0.0,0.0,0.947,32.4,1750781497415
0.0,0.0,0.947,32.4,1750781497521
0.0,0.0,0.947,32.4,1750781497609
0.0,0.0,0.947,32.4,1750781497631
0.0,0.0,0.947,32.4,1750781497734
0.0,0.0,0.947,32.4,1750781497762
0.0,0.0,0.947,32.4,1750781497865
0.0,0.0,0.947,32.4,1750781497894
0.0,0.0,0.947,32.4,1750781497996
31.75832176208496,-97.21746826171875,0.947,32.4,1750781498000
0.0,0.0,0.936,32.4,1750781498024
0.0,0.0,0.936,32.4,1750781498119
0.0,0.0,0.947,32.4,1750781498158
0.0,0.0,0.957,32.4,1750781498259
0.0,0.0,0.957,32.4,1750781498287
0.0,0.0,0.957,32.4,1750781498452
0.0,0.0,0.947,32.4,1750781498485
0.0,0.0,0.947,32.4,1750781498592
0.0,0.0,0.957,32.4,1750781498622
0.0,0.0,0.947,32.4,1750781498728
0.0,0.0,0.947,32.4,1750781498757
0.0,0.0,0.936,32.4,1750781498863
0.0,0.0,0.936,32.4,1750781498894
0.0,0.0,0.936,32.4,1750781498996
31.758325576782227,-97.21746063232422,0.936,32.4,1750781499000
0.0,0.0,0.936,32.4,1750781499027
0.0,0.0,0.926,32.4,1750781499127
0.0,0.0,0.936,32.4,1750781499165
0.0,0.0,0.926,32.4,1750781499271
0.0,0.0,0.936,32.4,1750781499299
0.0,0.0,0.936,32.4,1750781499472
0.0,0.0,0.926,32.4,1750781499515
0.0,0.0,0.936,32.4,1750781499619
0.0,0.0,0.936,32.4,1750781499647
0.0,0.0,0.936,32.4,1750781499748
0.0,0.0,0.947,32.4,1750781499776
0.0,0.0,0.947,32.4,1750781499878
0.0,0.0,0.947,32.4,1750781499908
31.75832748413086,-97.21745300292969,0.947,32.4,1750781500000
0.0,0.0,0.947,32.4,1750781500010
0.0,0.0,0.947,32.4,1750781500039
0.0,0.0,0.947,32.4,1750781500150
0.0,0.0,0.947,32.4,1750781500179
0.0,0.0,0.947,32.4,1750781500283
0.0,0.0,0.947,32.4,1750781500366
0.0,0.0,0.947,32.4,1750781500470
0.0,0.0,0.947,32.4,1750781500498
0.0,0.0,0.947,32.4,1750781500615
0.0,0.0,0.936,32.4,1750781500646
0.0,0.0,0.947,32.4,1750781500749
0.0,0.0,0.947,32.4,1750781500777
0.0,0.0,0.947,32.4,1750781500880
0.0,0.0,0.947,32.4,1750781500910
31.758331298828125,-97.21744537353516,0.936,32.4,1750781501000
0.0,0.0,0.936,32.4,1750781501012
0.0,0.0,0.926,32.4,1750781501040
0.0,0.0,0.926,32.4,1750781501151
0.0,0.0,0.936,32.4,1750781501180
0.0,0.0,0.936,32.4,1750781501283
0.0,0.0,0.936,32.4,1750781501382
0.0,0.0,0.936,32.4,1750781501488
0.0,0.0,0.926,32.4,1750781501531
0.0,0.0,0.915,32.4,1750781501632
0.0,0.0,0.915,32.4,1750781501660
0.0,0.0,0.915,32.4,1750781501765
0.0,0.0,0.915,32.4,1750781501793
0.0,0.0,0.915,32.4,1750781501895
0.0,0.0,0.915,32.4,1750781501926
31.758337020874023,-97.21744537353516,0.926,32.4,1750781502000
0.0,0.0,0.926,32.4,1750781502029
0.0,0.0,0.915,32.4,1750781502057
0.0,0.0,0.926,32.4,1750781502172
0.0,0.0,0.926,32.4,1750781502201
0.0,0.0,0.926,32.4,1750781502302
0.0,0.0,0.926,32.4,1750781502397
0.0,0.0,0.926,32.4,1750781502503
0.0,0.0,0.926,32.4,1750781502536
0.0,0.0,0.926,32.4,1750781502640
0.0,0.0,0.936,32.4,1750781502669
0.0,0.0,0.926,32.4,1750781502771
0.0,0.0,0.936,32.4,1750781502799
0.0,0.0,0.936,32.4,1750781502900
0.0,0.0,0.936,32.4,1750781502930
31.75834083557129,-97.21743774414062,0.936,32.4,1750781503000
0.0,0.0,0.936,32.4,1750781503032
0.0,0.0,0.936,32.4,1750781503063
0.0,0.0,0.926,32.4,1750781503176
0.0,0.0,0.926,32.4,1750781503204
0.0,0.0,0.926,32.4,1750781503305
0.0,0.0,0.926,32.4,1750781503406
0.0,0.0,0.936,32.4,1750781503507
0.0,0.0,0.915,32.4,1750781503549
0.0,0.0,0.926,32.4,1750781503667
0.0,0.0,0.915,32.4,1750781503698
0.0,0.0,0.915,32.4,1750781503800
0.0,0.0,0.915,32.4,1750781503829
0.0,0.0,0.915,32.4,1750781503934
0.0,0.0,0.915,32.4,1750781503963
31.758342742919922,-97.2174301147461,0.915,32.4,1750781504000
0.0,0.0,0.905,32.4,1750781504069
0.0,0.0,0.905,32.4,1750781504098
0.0,0.0,0.905,32.4,1750781504209
0.0,0.0,0.905,32.4,1750781504238
0.0,0.0,0.905,32.4,1750781504342
0.0,0.0,0.905,32.4,1750781504437
0.0,0.0,0.905,32.4,1750781504551
0.0,0.0,0.905,32.4,1750781504580
0.0,0.0,0.915,32.4,1750781504699
0.0,0.0,0.915,32.4,1750781504731
0.0,0.0,0.915,32.4,1750781504832
0.0,0.0,0.915,32.4,1750781504861
0.0,0.0,0.915,32.4,1750781504964
0.0,0.0,0.905,32.4,1750781504992
31.758346557617188,-97.21741485595703,0.905,32.4,1750781505000
0.0,0.0,0.926,32.4,1750781505095
0.0,0.0,0.915,32.4,1750781505124
0.0,0.0,0.926,32.4,1750781505237
0.0,0.0,0.915,32.4,1750781505265
0.0,0.0,0.915,32.4,1750781505395
0.0,0.0,0.915,32.4,1750781505531
0.0,0.0,0.915,32.4,1750781505651
0.0,0.0,0.915,32.4,1750781505684
0.0,0.0,0.915,32.4,1750781505803
0.0,0.0,0.915,32.4,1750781505831
0.0,0.0,0.915,32.4,1750781505940
0.0,0.0,0.915,32.4,1750781505978
31.758350372314453,-97.2174072265625,0.915,32.4,1750781506000
0.0,0.0,0.895,32.4,1750781506087
0.0,0.0,0.895,32.4,1750781506115
0.0,0.0,0.884,32.4,1750781506260
0.0,0.0,0.895,32.4,1750781506303
0.0,0.0,0.905,32.4,1750781506461
0.0,0.0,0.905,32.4,1750781506539
0.0,0.0,0.905,32.4,1750781506689
0.0,0.0,0.895,32.4,1750781506717
0.0,0.0,0.884,32.4,1750781506832
0.0,0.0,0.884,32.4,1750781506861
0.0,0.0,0.884,32.4,1750781506966
0.0,0.0,0.884,32.4,1750781506995
0.0,0.0,0.895,32.4,1750781507111
0.0,0.0,0.905,32.4,1750781507140
0.0,0.0,0.905,32.4,1750781507275
0.0,0.0,0.895,32.4,1750781507320
0.0,0.0,0.895,32.4,1750781507473
0.0,0.0,0.895,32.4,1750781507538
0.0,0.0,0.895,32.4,1750781507688
0.0,0.0,0.895,32.4,1750781507716
0.0,0.0,0.884,32.4,1750781507839
0.0,0.0,0.884,32.4,1750781507867
0.0,0.0,0.884,32.4,1750781507976
31.75835418701172,-97.21739959716797,0.884,32.4,1750781508000
0.0,0.0,0.884,32.4,1750781508009
0.0,0.0,0.874,32.4,1750781508126
0.0,0.0,0.863,32.4,1750781508159
0.0,0.0,0.853,32.4,1750781508281
0.0,0.0,0.863,32.4,1750781508318
0.0,0.0,0.863,32.4,1750781508420
0.0,0.0,0.853,32.4,1750781508453
0.0,0.0,0.853,32.4,1750781508596
0.0,0.0,0.853,32.4,1750781508623
0.0,0.0,0.853,32.4,1750781508741
0.0,0.0,0.853,32.4,1750781508770
0.0,0.0,0.863,32.4,1750781508871
0.0,0.0,0.853,32.4,1750781508901
31.758358001708984,-97.21739196777344,0.853,32.4,1750781509000
0.0,0.0,0.853,32.4,1750781509007
0.0,0.0,0.863,32.4,1750781509036
0.0,0.0,0.853,32.4,1750781509169
0.0,0.0,0.853,32.4,1750781509213
0.0,0.0,0.853,32.4,1750781509361
0.0,0.0,0.863,32.4,1750781509467
0.0,0.0,0.853,32.4,1750781509596
0.0,0.0,0.863,32.4,1750781509625
0.0,0.0,0.863,32.4,1750781509743
0.0,0.0,0.863,32.4,1750781509772
0.0,0.0,0.853,32.4,1750781509877
0.0,0.0,0.863,32.4,1750781509909
31.75836181640625,-97.2173843383789,0.853,32.4,1750781510000
0.0,0.0,0.853,32.4,1750781510025
0.0,0.0,0.842,32.4,1750781510056
0.0,0.0,0.842,32.4,1750781510207
0.0,0.0,0.853,32.4,1750781510251
0.0,0.0,0.842,32.4,1750781510404
0.0,0.0,0.842,32.4,1750781510510
0.0,0.0,0.853,32.4,1750781510652
0.0,0.0,0.853,32.4,1750781510680
0.0,0.0,0.853,32.4,1750781510782
0.0,0.0,0.842,32.4,1750781510815
0.0,0.0,0.863,32.4,1750781510931
0.0,0.0,0.863,32.4,1750781510964
31.75836181640625,-97.21736907958984,0.863,32.4,1750781511000
0.0,0.0,0.842,32.4,1750781511076
0.0,0.0,0.853,32.4,1750781511105
0.0,0.0,0.853,32.4,1750781511249
0.0,0.0,0.853,32.4,1750781511293
0.0,0.0,0.863,32.4,1750781511445
0.0,0.0,0.863,32.4,1750781511508
0.0,0.0,0.842,32.4,1750781511663
0.0,0.0,0.842,32.4,1750781511691
0.0,0.0,0.842,32.4,1750781511808
0.0,0.0,0.853,32.4,1750781511838
0.0,0.0,0.863,32.4,1750781511947
0.0,0.0,0.853,32.4,1750781511980
31.758365631103516,-97.21736907958984,0.853,32.4,1750781512000
0.0,0.0,0.853,32.4,1750781512095
0.0,0.0,0.853,32.4,1750781512123
0.0,0.0,0.853,32.4,1750781512264
0.0,0.0,0.853,32.4,1750781512308
0.0,0.0,0.842,32.4,1750781512467
0.0,0.0,0.842,32.4,1750781512532
0.0,0.0,0.842,32.4,1750781512674
0.0,0.0,0.842,32.4,1750781512705
0.0,0.0,0.842,32.4,1750781512810
0.0,0.0,0.842,32.4,1750781512838
0.0,0.0,0.842,32.4,1750781512951
0.0,0.0,0.842,32.4,1750781512984
31.758371353149414,-97.21736145019531,0.842,32.4,1750781513000
0.0,0.0,0.832,32.4,1750781513098
0.0,0.0,0.832,32.4,1750781513135
0.0,0.0,0.832,32.4,1750781513285
0.0,0.0,0.822,32.4,1750781513328
0.0,0.0,0.822,32.4,1750781513483
0.0,0.0,0.822,32.4,1750781513612
0.0,0.0,0.811,32.4,1750781513712
0.0,0.0,0.822,32.4,1750781513740
0.0,0.0,0.822,32.4,1750781513854
0.0,0.0,0.811,32.4,1750781513885
0.0,0.0,0.811,32.4,1750781513995
0.0,0.0,0.822,32.4,1750781514026
0.0,0.0,0.822,32.4,1750781514143
0.0,0.0,0.822,32.4,1750781514188
0.0,0.0,0.822,32.4,1750781514340
0.0,0.0,0.822,32.4,1750781514383
0.0,0.0,0.832,32.4,1750781514604
0.0,0.0,0.832,32.4,1750781514655
0.0,0.0,0.822,32.4,1750781514779
0.0,0.0,0.832,32.4,1750781514810
0.0,0.0,0.822,32.4,1750781514939
0.0,0.0,0.822,32.4,1750781514972
31.758377075195312,-97.21736145019531,0.822,32.4,1750781515000
0.0,0.0,0.822,32.4,1750781515083
0.0,0.0,0.822,32.4,1750781515120
0.0,0.0,0.822,32.4,1750781515231
0.0,0.0,0.822,32.4,1750781515259
0.0,0.0,0.822,32.4,1750781515388
0.0,0.0,0.822,32.4,1750781515426
0.0,0.0,0.842,32.4,1750781515572
0.0,0.0,0.842,32.4,1750781515616
0.0,0.0,0.842,32.4,1750781515738
0.0,0.0,0.842,32.4,1750781515772
0.0,0.0,0.842,32.4,1750781515916
0.0,0.0,0.842,32.4,1750781515947
31.758380889892578,-97.21735382080078,0.863,32.4,1750781516000
0.0,0.0,0.863,32.4,1750781516050
0.0,0.0,0.863,32.4,1750781516080
0.0,0.0,0.863,32.4,1750781516232
0.0,0.0,0.874,32.4,1750781516276
0.0,0.0,0.874,32.4,1750781516429
0.0,0.0,0.874,32.4,1750781516534
0.0,0.0,0.874,32.4,1750781516659
0.0,0.0,0.884,32.4,1750781516689
0.0,0.0,0.874,32.4,1750781516795
0.0,0.0,0.874,32.4,1750781516828
0.0,0.0,0.874,32.4,1750781516946
0.0,0.0,0.874,32.4,1750781516975
31.75838279724121,-97.21734619140625,0.874,32.4,1750781517000
0.0,0.0,0.863,32.4,1750781517094
0.0,0.0,0.863,32.4,1750781517123
0.0,0.0,0.874,32.4,1750781517266
0.0,0.0,0.874,32.4,1750781517312
0.0,0.0,0.874,32.4,1750781517467
0.0,0.0,0.863,32.4,1750781517600
0.0,0.0,0.863,32.4,1750781517707
0.0,0.0,0.874,32.4,1750781517736
0.0,0.0,0.884,32.4,1750781517855
0.0,0.0,0.884,32.4,1750781517884
0.0,0.0,0.884,32.4,1750781517991
31.758386611938477,-97.21733856201172,0.884,32.4,1750781518000
0.0,0.0,0.884,32.4,1750781518024
0.0,0.0,0.884,32.4,1750781518142
0.0,0.0,0.874,32.4,1750781518187
0.0,0.0,0.874,32.4,1750781518340
0.0,0.0,0.874,32.4,1750781518383
0.0,0.0,0.874,32.4,1750781518625
0.0,0.0,0.874,32.4,1750781518664
0.0,0.0,0.884,32.4,1750781518770
0.0,0.0,0.895,32.4,1750781518803
0.0,0.0,0.884,32.4,1750781518914
0.0,0.0,0.895,32.4,1750781518947
0.0,0.0,0.895,32.4,1750781519070
0.0,0.0,0.895,32.4,1750781519100
0.0,0.0,0.895,32.4,1750781519242
0.0,0.0,0.905,32.4,1750781519285
0.0,0.0,0.905,32.4,1750781519439
0.0,0.0,0.915,32.4,1750781519572
0.0,0.0,0.926,32.4,1750781519681
0.0,0.0,0.926,32.4,1750781519709
0.0,0.0,0.926,32.4,1750781519829
0.0,0.0,0.915,32.4,1750781519862
0.0,0.0,0.936,32.4,1750781519970
31.758386611938477,-97.21733856201172,0.936,32.4,1750781520000
0.0,0.0,0.936,32.4,1750781520007
0.0,0.0,0.936,32.4,1750781520126
0.0,0.0,0.936,32.4,1750781520160
0.0,0.0,0.926,32.4,1750781520281
0.0,0.0,0.926,32.4,1750781520314
0.0,0.0,0.926,32.4,1750781520422
0.0,0.0,0.926,32.4,1750781520456
0.0,0.0,0.915,32.4,1750781520597
0.0,0.0,0.926,32.4,1750781520629
0.0,0.0,0.926,32.4,1750781520751
0.0,0.0,0.926,32.4,1750781520782
0.0,0.0,0.936,32.4,1750781520892
0.0,0.0,0.936,32.4,1750781520928
31.75838851928711,-97.21733093261719,0.936,32.4,1750781521000
0.0,0.0,0.936,32.4,1750781521045
0.0,0.0,0.957,32.4,1750781521078
0.0,0.0,0.947,32.4,1750781521234
0.0,0.0,0.947,32.4,1750781521278
0.0,0.0,0.947,32.4,1750781521435
0.0,0.0,0.957,32.4,1750781521558
0.0,0.0,0.967,32.4,1750781521682
0.0,0.0,0.978,32.4,1750781521715
0.0,0.0,0.967,32.4,1750781521825
0.0,0.0,0.967,32.4,1750781521860
0.0,0.0,0.967,32.4,1750781521983
31.758390426635742,-97.21732330322266,0.967,32.4,1750781522000
0.0,0.0,0.967,32.4,1750781522016
0.0,0.0,0.957,32.4,1750781522137
0.0,0.0,0.947,32.4,1750781522270
0.0,0.0,0.957,32.4,1750781522303
0.0,0.0,0.947,32.4,1750781522459
0.0,0.0,0.947,32.4,1750781522599
0.0,0.0,0.936,32.4,1750781522706
0.0,0.0,0.936,32.4,1750781522739
0.0,0.0,0.936,32.4,1750781522860
0.0,0.0,0.957,32.4,1750781522895
31.758394241333008,-97.21732330322266,0.957,32.4,1750781523000
0.0,0.0,0.957,32.4,1750781523004
0.0,0.0,0.957,32.4,1750781523041
0.0,0.0,0.957,32.4,1750781523190
0.0,0.0,0.967,32.4,1750781523313
0.0,0.0,0.988,32.4,1750781523352
0.0,0.0,0.988,32.4,1750781523560
0.0,0.0,0.999,32.4,1750781523681
0.0,0.0,0.999,32.4,1750781523759
0.0,0.0,1.019,32.4,1750781523796
0.0,0.0,1.019,32.4,1750781523938
0.0,0.0,1.019,32.4,1750781523974
0.0,0.0,1.009,32.4,1750781524111
0.0,0.0,1.019,32.4,1750781524154
0.0,0.0,1.019,32.4,1750781524321
0.0,0.0,1.009,32.4,1750781524364
0.0,0.0,1.009,32.4,1750781524525
0.0,0.0,0.999,32.4,1750781524686
0.0,0.0,0.999,32.4,1750781524840
0.0,0.0,0.988,32.4,1750781524884
31.758399963378906,-97.21731567382812,0.988,32.4,1750781525000
0.0,0.0,0.988,32.4,1750781525049
0.0,0.0,0.988,32.4,1750781525094
0.0,0.0,0.988,32.4,1750781525255
0.0,0.0,0.988,32.4,1750781525299
0.0,0.0,0.988,32.4,1750781525459
0.0,0.0,0.999,32.4,1750781525502
0.0,0.0,0.999,32.4,1750781525688
0.0,0.0,1.009,32.4,1750781525733
0.0,0.0,1.009,32.4,1750781525892
0.0,0.0,1.019,32.4,1750781525937
31.758407592773438,-97.21731567382812,1.019,32.4,1750781526000
0.0,0.0,1.019,32.4,1750781526073
0.0,0.0,1.019,32.4,1750781526104
0.0,0.0,1.03,32.4,1750781526254
0.0,0.0,1.019,32.4,1750781526299
0.0,0.0,1.019,32.4,1750781526453
0.0,0.0,1.019,32.4,1750781526617
0.0,0.0,1.019,32.4,1750781526738
0.0,0.0,1.019,32.4,1750781526773
0.0,0.0,1.03,32.4,1750781526903
0.0,0.0,1.009,32.4,1750781526939
0.0,0.0,1.019,32.4,1750781527080
0.0,0.0,1.019,32.4,1750781527116
0.0,0.0,1.019,32.4,1750781527262
0.0,0.0,1.009,32.4,1750781527306
0.0,0.0,1.009,32.4,1750781527458
0.0,0.0,1.019,32.4,1750781527622
0.0,0.0,1.019,32.4,1750781527746
0.0,0.0,1.019,32.4,1750781527783
0.0,0.0,1.03,32.4,1750781527909
0.0,0.0,1.03,32.4,1750781527947
31.758411407470703,-97.2173080444336,1.03,32.4,1750781528000
0.0,0.0,1.03,32.4,1750781528061
0.0,0.0,1.04,32.4,1750781528097
0.0,0.0,1.04,32.4,1750781528220
0.0,0.0,1.04,32.4,1750781528255
0.0,0.0,1.04,32.4,1750781528379
0.0,0.0,1.051,32.4,1750781528416
0.0,0.0,1.051,32.4,1750781528539
0.0,0.0,1.051,32.4,1750781528597
0.0,0.0,1.051,32.4,1750781528732
0.0,0.0,1.051,32.4,1750781528768
0.0,0.0,1.051,32.4,1750781528896
0.0,0.0,1.061,32.4,1750781528930
31.7584171295166,-97.2173080444336,1.061,32.4,1750781529000
0.0,0.0,1.061,32.4,1750781529053
0.0,0.0,1.04,32.4,1750781529091
0.0,0.0,1.03,32.4,1750781529252
0.0,0.0,1.03,32.4,1750781529296
0.0,0.0,1.04,32.4,1750781529453
0.0,0.0,1.03,32.4,1750781529591
0.0,0.0,1.04,32.4,1750781529755
0.0,0.0,1.051,32.4,1750781529799
0.0,0.0,1.051,32.4,1750781529959
0.0,0.0,1.051,32.4,1750781529997
31.758420944213867,-97.21730041503906,1.051,32.4,1750781530000
0.0,0.0,1.061,32.4,1750781530130
0.0,0.0,1.061,32.4,1750781530170
0.0,0.0,1.061,32.4,1750781530320
0.0,0.0,1.071,32.4,1750781530363
0.0,0.0,1.092,32.4,1750781530526
0.0,0.0,1.092,32.4,1750781530692
0.0,0.0,1.092,32.4,1750781530852
0.0,0.0,1.103,32.4,1750781530895
0.0,0.0,1.092,32.4,1750781531031
0.0,0.0,1.092,32.4,1750781531064
0.0,0.0,1.092,32.4,1750781531220
0.0,0.0,1.103,32.4,1750781531263
0.0,0.0,1.103,32.4,1750781531420
0.0,0.0,1.103,32.4,1750781531574
0.0,0.0,1.092,32.4,1750781531740
0.0,0.0,1.092,32.4,1750781531784
0.0,0.0,1.082,32.4,1750781531934
0.0,0.0,1.092,32.4,1750781531967
31.758426666259766,-97.21730041503906,1.092,32.4,1750781532000
0.0,0.0,1.092,32.4,1750781532101
0.0,0.0,1.092,32.4,1750781532138
0.0,0.0,1.092,32.4,1750781532261
0.0,0.0,1.092,32.4,1750781532304
0.0,0.0,1.092,32.4,1750781532430
0.0,0.0,1.113,32.4,1750781532467
0.0,0.0,1.123,32.4,1750781532624
0.0,0.0,1.123,32.4,1750781532665
0.0,0.0,1.123,32.4,1750781532790
0.0,0.0,1.123,32.4,1750781532833
0.0,0.0,1.123,32.4,1750781532963
0.0,0.0,1.123,32.4,1750781532996
31.758432388305664,-97.21729278564453,1.123,32.4,1750781533000
0.0,0.0,1.123,32.4,1750781533139
0.0,0.0,1.113,32.4,1750781533177
0.0,0.0,1.113,32.4,1750781533326
0.0,0.0,1.113,32.4,1750781533370
0.0,0.0,1.113,32.4,1750781533522
0.0,0.0,1.113,32.4,1750781533675
0.0,0.0,1.113,32.4,1750781533833
0.0,0.0,1.113,32.4,1750781533877
0.0,0.0,1.113,32.4,1750781534024
0.0,0.0,1.113,32.4,1750781534061
0.0,0.0,1.113,32.4,1750781534224
0.0,0.0,1.113,32.4,1750781534267
0.0,0.0,1.113,32.4,1750781534423
0.0,0.0,1.134,32.4,1750781534578
0.0,0.0,1.134,32.4,1750781534741
0.0,0.0,1.134,32.4,1750781534788
0.0,0.0,1.134,32.4,1750781534944
0.0,0.0,1.144,32.4,1750781534989
31.758438110351562,-97.21729278564453,1.144,32.4,1750781535000
0.0,0.0,1.165,32.4,1750781535149
0.0,0.0,1.165,32.4,1750781535192
0.0,0.0,1.155,32.4,1750781535344
0.0,0.0,1.144,32.4,1750781535388
0.0,0.0,1.155,32.4,1750781535538
0.0,0.0,1.155,32.4,1750781535597
0.0,0.0,1.155,32.4,1750781535755
0.0,0.0,1.134,32.4,1750781535799
0.0,0.0,1.134,32.4,1750781535959
31.758445739746094,-97.21728515625,1.134,32.4,1750781536000
0.0,0.0,1.134,32.4,1750781536003
0.0,0.0,1.134,32.4,1750781536155
0.0,0.0,1.123,32.4,1750781536228
0.0,0.0,1.123,32.4,1750781536394
0.0,0.0,1.123,32.4,1750781536436
0.0,0.0,1.123,32.4,1750781536701
0.0,0.0,1.134,32.4,1750781536752
0.0,0.0,1.134,32.4,1750781536908
0.0,0.0,1.134,32.4,1750781536954
0.0,0.0,1.134,32.4,1750781537122
0.0,0.0,1.134,32.4,1750781537167
0.0,0.0,1.134,32.4,1750781537341
0.0,0.0,1.155,32.4,1750781537385
0.0,0.0,1.155,32.4,1750781537552
0.0,0.0,1.155,32.4,1750781537719
0.0,0.0,1.155,32.4,1750781537883
0.0,0.0,1.155,32.4,1750781537929
31.75844955444336,-97.21728515625,1.155,32.4,1750781538000
0.0,0.0,1.165,32.4,1750781538092
0.0,0.0,1.155,32.4,1750781538137
0.0,0.0,1.155,32.6,1750781538338
0.0,0.0,1.155,32.6,1750781538371
0.0,0.0,1.155,32.6,1750781538529
0.0,0.0,1.144,32.6,1750781538587
0.0,0.0,1.144,32.6,1750781538747
0.0,0.0,1.134,32.6,1750781538792
0.0,0.0,1.134,32.6,1750781538956
0.0,0.0,1.155,32.6,1750781539001
0.0,0.0,1.155,32.6,1750781539158
0.0,0.0,1.155,32.6,1750781539221
0.0,0.0,1.155,32.6,1750781539377
0.0,0.0,1.155,32.6,1750781539424
0.0,0.0,1.155,32.6,1750781539697
0.0,0.0,1.155,32.6,1750781539755
0.0,0.0,1.155,32.6,1750781539935
0.0,0.0,1.155,32.6,1750781539981
31.75845718383789,-97.21727752685547,1.155,32.6,1750781540000
0.0,0.0,1.155,32.6,1750781540155
0.0,0.0,1.155,32.6,1750781540203
0.0,0.0,1.144,32.6,1750781540368
0.0,0.0,1.144,32.6,1750781540411
0.0,0.0,1.155,32.6,1750781540606
0.0,0.0,1.144,32.6,1750781540659
0.0,0.0,1.144,32.6,1750781540827
0.0,0.0,1.165,32.6,1750781540875
0.0,0.0,1.144,32.6,1750781541039
0.0,0.0,1.144,32.6,1750781541087
0.0,0.0,1.144,32.6,1750781541315
0.0,0.0,1.155,32.6,1750781541399
0.0,0.0,1.165,32.6,1750781541814
0.0,0.0,1.165,32.6,1750781541862
31.75846290588379,-97.21726989746094,1.165,32.6,1750781542000
0.0,0.0,1.165,32.6,1750781542023
0.0,0.0,1.175,32.6,1750781542068
0.0,0.0,1.165,32.6,1750781542231
0.0,0.0,1.165,32.6,1750781542279
0.0,0.0,1.165,32.6,1750781542442
0.0,0.0,1.155,32.6,1750781542485
0.0,0.0,1.165,32.6,1750781542692
0.0,0.0,1.165,32.6,1750781542725
0.0,0.0,1.175,32.6,1750781542895
0.0,0.0,1.165,32.6,1750781542941
31.758466720581055,-97.21726989746094,1.165,32.6,1750781543000
0.0,0.0,1.175,32.6,1750781543101
0.0,0.0,1.165,32.6,1750781543146
0.0,0.0,1.175,32.6,1750781543363
0.0,0.0,1.175,32.6,1750781543448
0.0,0.0,1.175,32.6,1750781543827
0.0,0.0,1.175,32.6,1750781543871
0.0,0.0,1.175,32.6,1750781544036
0.0,0.0,1.175,32.6,1750781544086
0.0,0.0,1.175,32.6,1750781544331
0.0,0.0,1.165,32.6,1750781544417
0.0,0.0,1.165,32.6,1750781544839
0.0,0.0,1.165,32.6,1750781544921
0.0,0.0,1.165,32.6,1750781545172
0.0,0.0,1.165,32.6,1750781545247
0.0,0.0,1.155,32.6,1750781545501
0.0,0.0,1.155,32.6,1750781545604
0.0,0.0,1.165,32.6,1750781545848
0.0,0.0,1.165,32.6,1750781545932
31.758472442626953,-97.2172622680664,1.165,32.6,1750781546000
0.0,0.0,1.155,32.6,1750781546179
0.0,0.0,1.165,32.6,1750781546259
0.0,0.0,1.165,32.6,1750781546506
0.0,0.0,1.165,32.6,1750781546606
0.0,0.0,1.175,32.6,1750781546850
0.0,0.0,1.175,32.6,1750781546932
0.0,0.0,1.175,32.6,1750781547179
0.0,0.0,1.175,32.6,1750781547258
0.0,0.0,1.175,32.6,1750781547532
0.0,0.0,1.175,32.6,1750781547636
31.758472442626953,-97.21725463867188,1.175,32.6,1750781548000
0.0,0.0,1.175,32.6,1750781548024
0.0,0.0,1.175,32.6,1750781548105
0.0,0.0,1.165,32.6,1750781548354
0.0,0.0,1.165,32.6,1750781548435
0.0,0.0,1.165,32.6,1750781548708
0.0,0.0,1.155,32.6,1750781548792
0.0,0.0,1.155,32.6,1750781549043
0.0,0.0,1.155,32.6,1750781549123
0.0,0.0,1.144,32.6,1750781549410
0.0,0.0,1.144,32.6,1750781549501
0.0,0.0,1.155,32.6,1750781549965
0.0,0.0,1.144,32.6,1750781550065
0.0,0.0,1.155,32.6,1750781550369
0.0,0.0,1.155,32.6,1750781550464
0.0,0.0,1.155,32.6,1750781550794
0.0,0.0,1.175,32.6,1750781550886
31.758480072021484,-97.21724700927734,1.175,32.6,1750781551000
0.0,0.0,1.186,32.6,1750781551181
0.0,0.0,1.186,32.6,1750781551275
0.0,0.0,1.186,32.6,1750781551574
0.0,0.0,1.196,32.6,1750781551702
0.0,0.0,1.196,32.6,1750781552014
0.0,0.0,1.207,32.6,1750781552115
0.0,0.0,1.207,32.6,1750781552477
0.0,0.0,1.217,32.6,1750781552627
0.0,0.0,1.207,32.6,1750781553162
0.0,0.0,1.207,32.6,1750781553442
0.0,0.0,1.207,32.6,1750781553665
0.0,0.0,1.196,32.6,1750781553772
31.758485794067383,-97.21723937988281,1.207,32.6,1750781554000
0.0,0.0,1.207,32.6,1750781554085
0.0,0.0,1.207,32.6,1750781554186
0.0,0.0,1.207,32.6,1750781554531
0.0,0.0,1.207,32.6,1750781554674
0.0,0.0,1.196,32.6,1750781555036
0.0,0.0,1.186,32.6,1750781555152
0.0,0.0,1.186,32.6,1750781555561
0.0,0.0,1.186,32.6,1750781555717
0.0,0.0,1.196,32.6,1750781556276
0.0,0.0,1.196,32.6,1750781556401
0.0,0.0,1.196,32.6,1750781556797
0.0,0.0,1.196,32.6,1750781556909
0.0,0.0,1.186,32.6,1750781557274
0.0,0.0,1.186,32.6,1750781557392
0.0,0.0,1.186,32.6,1750781557784
0.0,0.0,1.186,32.6,1750781557896
31.75848960876465,-97.21723175048828,1.186,32.6,1750781558000
0.0,0.0,1.186,32.6,1750781558270
0.0,0.0,1.186,32.6,1750781558381
0.0,0.0,1.196,32.6,1750781558777
0.0,0.0,1.196,32.6,1750781558893
0.0,0.0,1.186,32.6,1750781559264
0.0,0.0,1.196,32.6,1750781559377
0.0,0.0,1.196,32.6,1750781559813
0.0,0.0,1.196,32.6,1750781559935
0.0,0.0,1.196,32.6,1750781560497
0.0,0.0,1.207,32.6,1750781560647
0.0,0.0,1.207,32.6,1750781561015
0.0,0.0,1.207,32.6,1750781561130
0.0,0.0,1.207,32.6,1750781561574
0.0,0.0,1.207,32.6,1750781561685
31.758493423461914,-97.21723175048828,1.207,32.6,1750781562000
0.0,0.0,1.207,32.6,1750781562053
0.0,0.0,1.217,32.6,1750781562166
0.0,0.0,1.217,32.6,1750781562533
0.0,0.0,1.217,32.6,1750781562884
0.0,0.0,1.217,32.6,1750781562972
0.0,0.0,1.217,32.6,1750781563333
0.0,0.0,1.217,32.6,1750781563447
0.0,0.0,1.228,32.6,1750781563920
0.0,0.0,1.228,32.6,1750781564077
0.0,0.0,1.228,32.6,1750781564675
0.0,0.0,1.228,32.6,1750781564806
31.758501052856445,-97.21722412109375,1.228,32.6,1750781565000
0.0,0.0,1.228,32.6,1750781565180
0.0,0.0,1.217,32.6,1750781565298
0.0,0.0,1.217,32.6,1750781565657
0.0,0.0,1.217,32.6,1750781565996
0.0,0.0,1.217,32.6,1750781566079
0.0,0.0,1.217,32.6,1750781566440
0.0,0.0,1.228,32.6,1750781566636
0.0,0.0,1.228,32.6,1750781566982
0.0,0.0,1.217,32.6,1750781567306
0.0,0.0,1.217,32.6,1750781567692
0.0,0.0,1.217,32.6,1750781567829
0.0,0.0,1.217,32.6,1750781568209
0.0,0.0,1.217,32.6,1750781568326
0.0,0.0,1.228,32.6,1750781568700
0.0,0.0,1.238,32.6,1750781568847
31.758506774902344,-97.21722412109375,1.238,32.6,1750781569000
0.0,0.0,1.228,32.6,1750781569220
0.0,0.0,1.228,32.6,1750781569336
0.0,0.0,1.238,32.6,1750781569721
0.0,0.0,1.238,32.6,1750781569852
0.0,0.0,1.238,32.6,1750781570232
0.0,0.0,1.238,32.6,1750781570351
0.0,0.0,1.238,32.6,1750781570806
0.0,0.0,1.228,32.6,1750781570929
0.0,0.0,1.238,32.6,1750781571499
0.0,0.0,1.217,32.6,1750781571647
0.0,0.0,1.217,32.6,1750781572016
0.0,0.0,1.228,32.6,1750781572135
0.0,0.0,1.228,32.6,1750781572505
0.0,0.0,1.217,32.6,1750781572632
31.758512496948242,-97.21721649169922,1.217,32.6,1750781573000
0.0,0.0,1.217,32.6,1750781573023
0.0,0.0,1.217,32.6,1750781573139
0.0,0.0,1.217,32.6,1750781573481
0.0,0.0,1.217,32.6,1750781573612
0.0,0.0,1.217,32.6,1750781574001
0.0,0.0,1.228,32.6,1750781574079
0.0,0.0,1.217,32.6,1750781574551
0.0,0.0,1.238,32.6,1750781574726
0.0,0.0,1.217,32.6,1750781575483
0.0,0.0,1.228,32.6,1750781575655
0.0,0.0,1.217,32.6,1750781576137
0.0,0.0,1.217,32.6,1750781576286
0.0,0.0,1.228,32.6,1750781576766
0.0,0.0,1.228,32.6,1750781576927
31.758520126342773,-97.21720886230469,1.228,32.6,1750781577000
0.0,0.0,1.228,32.6,1750781577346
0.0,0.0,1.228,32.6,1750781577488
0.0,0.0,1.238,32.6,1750781577978
0.0,0.0,1.228,32.6,1750781578110
0.0,0.0,1.238,32.6,1750781578554
0.0,0.0,1.238,32.6,1750781578800
0.0,0.0,1.238,32.6,1750781579254
0.0,0.0,1.238,32.6,1750781579401
0.0,0.0,1.238,32.6,1750781580062
0.0,0.0,1.238,32.6,1750781580174
0.0,0.0,1.238,32.6,1750781580534
0.0,0.0,1.238,32.6,1750781580676
0.0,0.0,1.228,32.6,1750781581079
0.0,0.0,1.217,32.6,1750781581222
0.0,0.0,1.217,32.6,1750781581655
0.0,0.0,1.217,32.6,1750781581835
31.758525848388672,-97.21720886230469,1.217,32.6,1750781582000
0.0,0.0,1.217,32.6,1750781582252
0.0,0.0,1.228,32.6,1750781582388
0.0,0.0,1.217,32.6,1750781582881
0.0,0.0,1.228,32.6,1750781583017
0.0,0.0,1.228,32.6,1750781583426
0.0,0.0,1.228,32.6,1750781583646
0.0,0.0,1.228,32.6,1750781584125
0.0,0.0,1.238,32.6,1750781584499
0.0,0.0,1.238,32.6,1750781584956
0.0,0.0,1.238,32.6,1750781585088
0.0,0.0,1.238,32.6,1750781585504
0.0,0.0,1.238,32.6,1750781585689
31.75853157043457,-97.21720123291016,1.238,32.6,1750781586000
0.0,0.0,1.238,32.6,1750781586109
0.0,0.0,1.248,32.6,1750781586252
0.0,0.0,1.248,32.6,1750781586673
0.0,0.0,1.248,32.6,1750781586850
0.0,0.0,1.238,32.6,1750781587244
0.0,0.0,1.238,32.6,1750781587384
0.0,0.0,1.238,32.6,1750781587905
0.0,0.0,1.228,32.6,1750781588041
0.0,0.0,1.217,32.6,1750781588592
0.0,0.0,1.228,32.6,1750781588738
0.0,0.0,1.228,32.6,1750781589115
0.0,0.0,1.228,32.6,1750781589239
0.0,0.0,1.228,32.6,1750781589608
0.0,0.0,1.228,32.6,1750781589758
31.758535385131836,-97.21719360351562,1.217,32.6,1750781590000
0.0,0.0,1.217,32.6,1750781590129
0.0,0.0,1.228,32.6,1750781590254
0.0,0.0,1.228,32.6,1750781590616
0.0,0.0,1.238,32.6,1750781590768
0.0,0.0,1.238,32.6,1750781591139
0.0,0.0,1.238,32.6,1750781591258
0.0,0.0,1.248,32.6,1750781591707
0.0,0.0,1.248,32.6,1750781592116
0.0,0.0,1.248,32.6,1750781592361
0.0,0.0,1.248,32.6,1750781592742
0.0,0.0,1.248,32.6,1750781592905
0.0,0.0,1.238,32.6,1750781593345
0.0,0.0,1.248,32.6,1750781593764
0.0,0.0,1.238,32.6,1750781593871
31.7585391998291,-97.21719360351562,1.238,32.6,1750781594000
0.0,0.0,1.238,32.6,1750781594294
0.0,0.0,1.228,32.6,1750781594424
0.0,0.0,1.238,32.6,1750781594838
0.0,0.0,1.248,32.6,1750781594977
0.0,0.0,1.248,32.6,1750781595397
0.0,0.0,1.238,32.6,1750781595518
0.0,0.0,1.248,32.6,1750781595989
0.0,0.0,1.248,32.6,1750781596141
0.0,0.0,1.248,32.6,1750781596734
0.0,0.0,1.248,32.6,1750781596875
0.0,0.0,1.238,32.6,1750781597260
0.0,0.0,1.248,32.6,1750781597371
0.0,0.0,1.248,32.6,1750781597764
0.0,0.0,1.248,32.6,1750781597882
31.758541107177734,-97.2171859741211,1.248,32.6,1750781598000
0.0,0.0,1.248,32.6,1750781598250
0.0,0.0,1.238,32.6,1750781598370
0.0,0.0,1.238,32.6,1750781598776
0.0,0.0,1.238,32.6,1750781598893
0.0,0.0,1.238,32.6,1750781599256
0.0,0.0,1.228,32.6,1750781599366
0.0,0.0,1.238,32.6,1750781599819
0.0,0.0,1.238,32.6,1750781599933
0.0,0.0,1.238,32.6,1750781600472
0.0,0.0,1.238,32.6,1750781600587
0.0,0.0,1.238,32.6,1750781600980
0.0,0.0,1.238,32.6,1750781601097
0.0,0.0,1.238,32.6,1750781601458
0.0,0.0,1.248,32.6,1750781601592
0.0,0.0,1.238,32.6,1750781601979
31.758544921875,-97.21717834472656,1.238,32.6,1750781602000
0.0,0.0,1.228,32.6,1750781602102
0.0,0.0,1.238,32.6,1750781602463
0.0,0.0,1.228,32.6,1750781602811
0.0,0.0,1.228,32.6,1750781602896
0.0,0.0,1.228,32.6,1750781603332
0.0,0.0,1.217,32.6,1750781603421
0.0,0.0,1.217,32.6,1750781603874
0.0,0.0,1.207,32.6,1750781603995
0.0,0.0,1.207,32.6,1750781604558
0.0,0.0,1.207,32.6,1750781604709
0.0,0.0,1.207,32.6,1750781605172
0.0,0.0,1.207,32.6,1750781605317
0.0,0.0,1.207,32.6,1750781605764
0.0,0.0,1.207,32.6,1750781605956
0.0,0.0,1.217,32.6,1750781606385
0.0,0.0,1.228,32.4,1750781627841
0.0,0.0,1.207,32.4,1750781631384
0.0,0.0,1.196,32.4,1750781632268
0.0,0.0,1.175,32.6,1750781635456
0.0,0.0,1.155,32.6,1750781635771
0.0,0.0,1.155,32.6,1750781635956
0.0,0.0,1.134,32.6,1750781636436
0.0,0.0,1.123,32.6,1750781636606
0.0,0.0,1.103,32.6,1750781637118
0.0,0.0,1.082,32.6,1750781637296
0.0,0.0,1.061,32.6,1750781637791
0.0,0.0,1.051,32.6,1750781637985
0.0,0.0,1.03,32.6,1750781638470
0.0,0.0,1.019,32.6,1750781639012
0.0,0.0,1.009,32.6,1750781639757
0.0,0.0,1.019,32.6,1750781640076
0.0,0.0,1.019,32.6,1750781640670
0.0,0.0,0.999,32.6,1750781640971
0.0,0.0,0.999,32.6,1750781641548
0.0,0.0,1.009,32.6,1750781641852
0.0,0.0,1.009,32.6,1750781642407
0.0,0.0,1.009,32.6,1750781642636
0.0,0.0,1.009,32.6,1750781643292
0.0,0.0,1.009,32.6,1750781643517
0.0,0.0,1.009,32.6,1750781644136
0.0,0.0,1.009,32.6,1750781644359
0.0,0.0,0.999,32.6,1750781644952
0.0,0.0,0.999,32.6,1750781645204
0.0,0.0,0.988,32.6,1750781645770
0.0,0.0,0.978,32.6,1750781646067
0.0,0.0,0.967,32.6,1750781646619
0.0,0.0,0.957,32.6,1750781646915
0.0,0.0,0.967,32.6,1750781647480
0.0,0.0,0.947,32.6,1750781647735
0.0,0.0,0.947,32.6,1750781648306
0.0,0.0,0.947,32.6,1750781648539
0.0,0.0,0.947,32.6,1750781649222
0.0,0.0,0.936,32.6,1750781649456
0.0,0.0,0.936,32.6,1750781650049
0.0,0.0,0.926,32.6,1750781650289
0.0,0.0,0.926,32.6,1750781650865
0.0,0.0,0.926,32.6,1750781651128
0.0,0.0,0.926,32.6,1750781651683
0.0,0.0,0.926,32.6,1750781651960
0.0,0.0,0.926,32.6,1750781652534
0.0,0.0,0.926,32.6,1750781652847
0.0,0.0,0.926,32.6,1750781653400
0.0,0.0,0.915,32.6,1750781653638
0.0,0.0,0.905,32.6,1750781654252
0.0,0.0,0.905,32.6,1750781654490
0.0,0.0,0.915,32.6,1750781655036
0.0,0.0,0.915,32.6,1750781655260
0.0,0.0,0.905,32.6,1750781655698
0.0,0.0,0.895,32.6,1750781656065
0.0,0.0,0.895,32.6,1750781656255
0.0,0.0,0.895,32.6,1750781656440
0.0,0.0,0.895,32.6,1750781656773
0.0,0.0,0.884,32.6,1750781657021
0.0,0.0,0.884,32.6,1750781657425
0.0,0.0,0.884,32.6,1750781657614
0.0,0.0,0.884,32.6,1750781657857
0.0,0.0,0.884,32.6,1750781658125
0.0,0.0,0.884,32.6,1750781658330
0.0,0.0,0.874,32.6,1750781658539
0.0,0.0,0.874,32.6,1750781658950
0.0,0.0,0.874,32.6,1750781659344
0.0,0.0,0.863,32.6,1750781659952
0.0,0.0,0.863,32.6,1750781661549
0.0,0.0,0.863,32.6,1750781661915
0.0,0.0,0.863,32.6,1750781662247
0.0,0.0,0.842,32.6,1750781662751
0.0,0.0,0.842,32.6,1750781663141
0.0,0.0,0.853,32.6,1750781663638
0.0,0.0,0.832,32.6,1750781663922
31.758922576904297,-97.21672821044922,0.832,32.6,1750781664000
0.0,0.0,0.832,32.6,1750781664117
0.0,0.0,0.832,32.6,1750781664286
0.0,0.0,0.822,32.6,1750781664452
0.0,0.0,0.822,32.6,1750781664634
0.0,0.0,0.822,32.6,1750781664870
0.0,0.0,0.832,32.6,1750781665051
0.0,0.0,0.822,32.6,1750781665236
0.0,0.0,0.822,32.6,1750781665452
0.0,0.0,0.822,32.6,1750781665651
0.0,0.0,0.822,32.6,1750781665926
0.0,0.0,0.811,32.6,1750781666417
0.0,0.0,0.811,32.6,1750781666746
0.0,0.0,0.811,32.6,1750781666958
31.758926391601562,-97.21671295166016,0.811,32.6,1750781667000
0.0,0.0,0.801,32.6,1750781667144
0.0,0.0,0.801,32.6,1750781667306
0.0,0.0,0.801,32.6,1750781667632
0.0,0.0,0.801,32.6,1750781667959
0.0,0.0,0.79,32.6,1750781669805
0.0,0.0,0.79,32.6,1750781670183
0.0,0.0,0.79,32.6,1750781670351
0.0,0.0,0.79,32.6,1750781670654
0.0,0.0,0.78,32.6,1750781670904
0.0,0.0,0.78,32.6,1750781671402
0.0,0.0,0.78,32.6,1750781671648
0.0,0.0,0.78,32.6,1750781671905
0.0,0.0,0.79,32.6,1750781672133
0.0,0.0,0.78,32.6,1750781672316
0.0,0.0,0.78,32.6,1750781672487
0.0,0.0,0.78,32.6,1750781672646
0.0,0.0,0.78,32.6,1750781672841
0.0,0.0,0.78,32.6,1750781672997
31.758935928344727,-97.21671295166016,0.78,32.6,1750781673000
0.0,0.0,0.78,32.6,1750781673169
0.0,0.0,0.77,32.6,1750781673329
0.0,0.0,0.77,32.6,1750781673502
0.0,0.0,0.77,32.6,1750781673664
0.0,0.0,0.77,32.6,1750781673901
0.0,0.0,0.749,32.6,1750781674073
0.0,0.0,0.749,32.6,1750781674245
0.0,0.0,0.759,32.6,1750781674446
0.0,0.0,0.749,32.6,1750781674658
0.0,0.0,0.749,32.6,1750781674895
0.0,0.0,0.749,32.6,1750781675332
0.0,0.0,0.561,31.6,1750781701584
0.0,0.0,0.561,31.6,1750781702002
0.0,0.0,0.561,31.6,1750781702188
0.0,0.0,0.561,31.6,1750781702501
0.0,0.0,0.561,31.6,1750781702816
31.758974075317383,-97.21671295166016,0.561,31.6,1750781703000
0.0,0.0,0.561,31.6,1750781703431
0.0,0.0,0.561,31.6,1750781703726
31.75897216796875,-97.21670532226562,0.561,31.6,1750781704000
0.0,0.0,0.561,31.6,1750781704029
0.0,0.0,0.561,31.6,1750781704946
31.758974075317383,-97.21670532226562,0.561,31.6,1750781705000
0.0,0.0,0.561,31.6,1750781705263
0.0,0.0,0.561,31.6,1750781705490
0.0,0.0,0.561,31.6,1750781705872
0.0,0.0,0.561,31.6,1750781706397
0.0,0.0,0.561,31.6,1750781706792
0.0,0.0,0.551,31.6,1750781706999
31.759000778198242,-97.21672821044922,0.551,31.6,1750781712000
0.0,0.0,0.551,31.6,1750781712117
0.0,0.0,0.572,31.6,1750781712428
0.0,0.0,0.582,31.6,1750781712743
0.0,0.0,0.572,31.6,1750781712877
0.0,0.0,0.582,31.6,1750781712944
31.759000778198242,-97.21672821044922,0.582,31.6,1750781713000
0.0,0.0,0.582,31.6,1750781713014
0.0,0.0,0.572,31.6,1750781713083
0.0,0.0,0.582,31.6,1750781713155
0.0,0.0,0.572,31.6,1750781713223
0.0,0.0,0.572,31.6,1750781713310
0.0,0.0,0.572,31.6,1750781713365
0.0,0.0,0.572,31.6,1750781713435
0.0,0.0,0.572,31.6,1750781713505
0.0,0.0,0.561,31.6,1750781713575
0.0,0.0,0.561,31.6,1750781713645
0.0,0.0,0.561,31.6,1750781713731
0.0,0.0,0.561,31.6,1750781713785
0.0,0.0,0.561,31.6,1750781713855
0.0,0.0,0.561,31.6,1750781713924
31.759000778198242,-97.21672821044922,0.561,31.6,1750781714000
31.758991241455078,-97.21672058105469,0.561,31.6,1750781714000
0.0,0.0,0.561,31.6,1750781714068
0.0,0.0,0.561,31.6,1750781714133
0.0,0.0,0.561,31.6,1750781714203
0.0,0.0,0.561,31.6,1750781714273
0.0,0.0,0.561,31.6,1750781714343
0.0,0.0,0.561,31.6,1750781714415
0.0,0.0,0.572,31.6,1750781714485
0.0,0.0,0.572,31.6,1750781714555
0.0,0.0,0.582,31.6,1750781714625
0.0,0.0,0.582,31.6,1750781714704
31.758974075317383,-97.21672058105469,0.582,31.8,1750781722000
0.0,0.0,0.582,31.8,1750781722526
0.0,0.0,0.593,31.8,1750781722676
0.0,0.0,0.593,31.8,1750781722746
0.0,0.0,0.593,31.8,1750781722816
0.0,0.0,0.593,31.8,1750781722886
0.0,0.0,0.603,31.8,1750781722956
31.75897216796875,-97.21672058105469,0.603,31.8,1750781723000
0.0,0.0,0.603,31.8,1750781723026
0.0,0.0,0.614,31.8,1750781723094
0.0,0.0,0.614,31.8,1750781723164
0.0,0.0,0.624,31.8,1750781723234
0.0,0.0,0.614,31.8,1750781723376
0.0,0.0,0.624,31.8,1750781723446
0.0,0.0,0.634,31.8,1750781723516
0.0,0.0,0.645,31.8,1750781723586
0.0,0.0,0.634,31.8,1750781723658
0.0,0.0,0.634,31.8,1750781723725
0.0,0.0,0.634,31.8,1750781723798
0.0,0.0,0.634,31.8,1750781723866
0.0,0.0,0.634,31.8,1750781723936
31.758970260620117,-97.21671295166016,0.634,31.8,1750781724000
0.0,0.0,0.634,31.8,1750781724006
0.0,0.0,0.634,31.8,1750781724074
0.0,0.0,0.634,31.8,1750781724144
0.0,0.0,0.645,31.8,1750781724285
0.0,0.0,0.645,31.8,1750781724356
0.0,0.0,0.624,31.8,1750781724426
0.0,0.0,0.634,31.8,1750781724521
0.0,0.0,0.634,31.8,1750781724636
0.0,0.0,0.645,31.8,1750781724716
0.0,0.0,0.645,31.8,1750781724848
0.0,0.0,0.655,31.8,1750781724919
0.0,0.0,0.655,31.8,1750781724990
31.75897216796875,-97.21672058105469,0.655,31.8,1750781725000
0.0,0.0,0.666,31.8,1750781725058
0.0,0.0,0.676,31.8,1750781725127
0.0,0.0,0.676,31.8,1750781725196
0.0,0.0,0.676,31.8,1750781725266
0.0,0.0,0.676,31.8,1750781725336
0.0,0.0,0.676,31.8,1750781725424
0.0,0.0,0.676,31.8,1750781725478
0.0,0.0,0.676,31.8,1750781725548
0.0,0.0,0.666,31.8,1750781725618
0.0,0.0,0.666,31.8,1750781725757
0.0,0.0,0.666,31.8,1750781725828
0.0,0.0,0.655,31.8,1750781725898
0.0,0.0,0.655,31.8,1750781725967
31.75897216796875,-97.21672058105469,0.655,31.8,1750781726000
0.0,0.0,0.645,31.8,1750781726038
0.0,0.0,0.634,31.8,1750781726106
0.0,0.0,0.624,31.8,1750781726175
0.0,0.0,0.624,31.8,1750781726247
0.0,0.0,0.614,31.8,1750781726321
0.0,0.0,0.614,31.8,1750781726386
0.0,0.0,0.614,31.8,1750781726456
0.0,0.0,0.614,31.8,1750781726526
0.0,0.0,0.624,31.8,1750781726618
0.0,0.0,0.624,31.8,1750781726666
0.0,0.0,0.614,31.8,1750781726736
0.0,0.0,0.614,31.8,1750781726806
0.0,0.0,0.624,31.8,1750781726876
0.0,0.0,0.624,31.8,1750781726946
31.75897216796875,-97.21672058105469,0.645,31.8,1750781727000
0.0,0.0,0.645,31.8,1750781727016
0.0,0.0,0.645,31.8,1750781727084
0.0,0.0,0.645,31.8,1750781727155
0.0,0.0,0.655,31.8,1750781727224
0.0,0.0,0.655,31.8,1750781727294
0.0,0.0,0.666,31.8,1750781727382
0.0,0.0,0.666,31.8,1750781727436
0.0,0.0,0.666,31.8,1750781727518
0.0,0.0,0.676,31.8,1750781727576
0.0,0.0,0.676,31.8,1750781727646
0.0,0.0,0.666,31.8,1750781727715
0.0,0.0,0.666,31.8,1750781727820
0.0,0.0,0.666,31.8,1750781727862
0.0,0.0,0.655,31.8,1750781727928
0.0,0.0,0.666,31.8,1750781727998
31.758968353271484,-97.21672058105469,0.666,31.8,1750781728000
0.0,0.0,0.666,31.8,1750781728069
0.0,0.0,0.666,31.8,1750781728138
0.0,0.0,0.655,31.8,1750781728206
0.0,0.0,0.655,31.8,1750781728276
0.0,0.0,0.655,31.8,1750781728347
0.0,0.0,0.645,31.8,1750781728422
0.0,0.0,0.655,31.8,1750781728488
0.0,0.0,0.666,31.8,1750781728559
0.0,0.0,0.666,31.8,1750781728628
0.0,0.0,0.655,31.8,1750781728718
0.0,0.0,0.676,31.8,1750781728774
0.0,0.0,0.676,31.8,1750781728837
0.0,0.0,0.676,31.8,1750781728907
0.0,0.0,0.676,31.8,1750781728978
31.758960723876953,-97.21672821044922,0.676,31.8,1750781729000
0.0,0.0,0.686,31.8,1750781729048
0.0,0.0,0.676,31.8,1750781729116
0.0,0.0,0.686,31.8,1750781729186
0.0,0.0,0.676,31.8,1750781729256
0.0,0.0,0.676,31.8,1750781729326
0.0,0.0,0.686,31.8,1750781729397
0.0,0.0,0.686,31.8,1750781729467
0.0,0.0,0.686,31.8,1750781729538
0.0,0.0,0.686,31.8,1750781729619
0.0,0.0,0.686,31.8,1750781729678
0.0,0.0,0.686,31.8,1750781729767
0.0,0.0,0.686,31.8,1750781729820
0.0,0.0,0.686,31.8,1750781729957
31.758960723876953,-97.21672821044922,0.686,31.8,1750781730000
0.0,0.0,0.686,31.8,1750781730028
0.0,0.0,0.686,31.8,1750781730096
0.0,0.0,0.686,31.8,1750781730166
0.0,0.0,0.686,31.8,1750781730236
0.0,0.0,0.686,31.8,1750781730377
0.0,0.0,0.686,31.8,1750781730450
0.0,0.0,0.686,31.8,1750781730518
0.0,0.0,0.686,31.8,1750781730588
0.0,0.0,0.686,31.8,1750781730657
0.0,0.0,0.697,31.8,1750781730742
0.0,0.0,0.697,31.8,1750781730818
0.0,0.0,0.697,31.8,1750781730871
0.0,0.0,0.697,31.8,1750781730938
31.758960723876953,-97.21672821044922,0.697,31.8,1750781731000
0.0,0.0,0.697,31.8,1750781731007
0.0,0.0,0.697,32.0,1750781731076
0.0,0.0,0.697,32.0,1750781731146
0.0,0.0,0.697,32.0,1750781731221
0.0,0.0,0.697,32.0,1750781731286
0.0,0.0,0.697,32.0,1750781731428
0.0,0.0,0.707,32.0,1750781731498
0.0,0.0,0.718,32.0,1750781731568
0.0,0.0,0.718,32.0,1750781731638
0.0,0.0,0.718,32.0,1750781731719
0.0,0.0,0.707,32.0,1750781731776
0.0,0.0,0.707,32.0,1750781731848
0.0,0.0,0.707,32.0,1750781731918
31.75895881652832,-97.21672821044922,0.707,32.0,1750781732000
0.0,0.0,0.707,32.0,1750781732016
0.0,0.0,0.707,32.0,1750781732057
0.0,0.0,0.707,32.0,1750781732126
0.0,0.0,0.718,32.0,1750781732196
0.0,0.0,0.707,32.0,1750781732266
0.0,0.0,0.718,32.0,1750781732338
0.0,0.0,0.707,32.0,1750781732412
0.0,0.0,0.707,32.0,1750781732480
0.0,0.0,0.707,32.0,1750781732548
0.0,0.0,0.707,32.0,1750781732617
0.0,0.0,0.707,32.0,1750781732688
0.0,0.0,0.707,32.0,1750781732757
0.0,0.0,0.707,32.0,1750781732932
0.0,0.0,0.707,32.0,1750781732965
31.758960723876953,-97.21672821044922,0.707,32.0,1750781733000
0.0,0.0,0.707,32.0,1750781733032
0.0,0.0,0.707,32.0,1750781733098
0.0,0.0,0.707,32.0,1750781733165
0.0,0.0,0.707,32.0,1750781733248
0.0,0.0,0.707,32.0,1750781733298
0.0,0.0,0.707,32.0,1750781733382
0.0,0.0,0.707,32.0,1750781733448
0.0,0.0,0.707,32.0,1750781733515
0.0,0.0,0.718,32.0,1750781733581
0.0,0.0,0.718,32.0,1750781733648
0.0,0.0,0.718,32.0,1750781733732
0.0,0.0,0.718,32.0,1750781733800
0.0,0.0,0.718,32.0,1750781733866
0.0,0.0,0.718,32.0,1750781733932
0.0,0.0,0.718,32.0,1750781733999
31.758960723876953,-97.21672821044922,0.718,32.0,1750781734000
0.0,0.0,0.718,32.0,1750781734082
0.0,0.0,0.718,32.0,1750781734167
0.0,0.0,0.718,32.0,1750781734217
0.0,0.0,0.718,32.0,1750781734325
0.0,0.0,0.718,32.0,1750781734367
0.0,0.0,0.707,32.0,1750781734419
0.0,0.0,0.707,32.0,1750781734501
0.0,0.0,0.707,32.0,1750781734568
0.0,0.0,0.718,32.0,1750781734635
0.0,0.0,0.718,32.0,1750781734701
0.0,0.0,0.718,32.0,1750781734785
0.0,0.0,0.718,32.0,1750781734851
0.0,0.0,0.718,32.0,1750781734918
0.0,0.0,0.707,32.0,1750781734984
31.758960723876953,-97.21672821044922,0.707,32.0,1750781735000
0.0,0.0,0.707,32.0,1750781735106
0.0,0.0,0.707,32.0,1750781735168
0.0,0.0,0.707,32.0,1750781735224
0.0,0.0,0.718,32.0,1750781735322
0.0,0.0,0.718,32.0,1750781735445
0.0,0.0,0.718,32.0,1750781735489
0.0,0.0,0.707,32.0,1750781735558
0.0,0.0,0.707,32.0,1750781735624
0.0,0.0,0.707,32.0,1750781735691
0.0,0.0,0.707,32.0,1750781735761
0.0,0.0,0.707,32.0,1750781735825
0.0,0.0,0.707,32.0,1750781735890
0.0,0.0,0.718,32.0,1750781735958
31.758960723876953,-97.21672821044922,0.718,32.0,1750781736000
0.0,0.0,0.718,32.0,1750781736006
0.0,0.0,0.718,32.0,1750781736052
0.0,0.0,0.718,32.0,1750781736123
0.0,0.0,0.718,32.0,1750781736222
0.0,0.0,0.718,32.0,1750781736359
0.0,0.0,0.718,32.0,1750781736423
0.0,0.0,0.718,32.0,1750781736492
0.0,0.0,0.718,32.0,1750781736528
0.0,0.0,0.718,32.0,1750781736595
0.0,0.0,0.718,32.0,1750781736634
0.0,0.0,0.718,32.0,1750781736708
0.0,0.0,0.718,32.0,1750781736783
0.0,0.0,0.718,32.0,1750781736861
0.0,0.0,0.718,32.0,1750781736906
0.0,0.0,0.707,32.0,1750781736975
31.758960723876953,-97.21672821044922,0.707,32.0,1750781737000
0.0,0.0,0.718,32.0,1750781737057
0.0,0.0,0.718,32.0,1750781737133
0.0,0.0,0.707,32.0,1750781737222
0.0,0.0,0.707,32.0,1750781737267
0.0,0.0,0.707,32.0,1750781737314
0.0,0.0,0.707,32.0,1750781737496
0.0,0.0,0.718,32.0,1750781737538
0.0,0.0,0.718,32.0,1750781737615
0.0,0.0,0.718,32.0,1750781737698
0.0,0.0,0.728,32.0,1750781737759
0.0,0.0,0.718,32.0,1750781737806
0.0,0.0,0.728,32.0,1750781737857
0.0,0.0,0.728,32.0,1750781737876
0.0,0.0,0.728,32.0,1750781737926
31.75896453857422,-97.21672821044922,0.728,32.0,1750781738000
0.0,0.0,0.728,32.0,1750781738012
0.0,0.0,0.718,32.0,1750781738088
0.0,0.0,0.718,32.0,1750781738129
0.0,0.0,0.718,32.0,1750781738259
0.0,0.0,0.728,32.0,1750781738400
0.0,0.0,0.728,32.0,1750781738543
0.0,0.0,0.728,32.0,1750781738592
0.0,0.0,0.728,32.0,1750781738641
0.0,0.0,0.728,32.0,1750781738692
0.0,0.0,0.728,32.0,1750781738759
0.0,0.0,0.728,32.0,1750781738793
0.0,0.0,0.728,32.0,1750781738901
31.75896644592285,-97.21672821044922,0.728,32.0,1750781739000
0.0,0.0,0.728,32.0,1750781739029
0.0,0.0,0.728,32.0,1750781739075
0.0,0.0,0.728,32.0,1750781739122
0.0,0.0,0.728,32.0,1750781739163
0.0,0.0,0.728,32.0,1750781739229
0.0,0.0,0.718,32.0,1750781739316
0.0,0.0,0.718,32.0,1750781739372
0.0,0.0,0.718,32.0,1750781739399
0.0,0.0,0.718,32.0,1750781739660
0.0,0.0,0.718,32.0,1750781739721
0.0,0.0,0.718,32.0,1750781739775
0.0,0.0,0.707,32.0,1750781739822
0.0,0.0,0.707,32.0,1750781739874
0.0,0.0,0.707,32.0,1750781739923
0.0,0.0,0.707,32.0,1750781739974
31.75896644592285,-97.21672821044922,0.707,32.0,1750781740000
0.0,0.0,0.707,32.0,1750781740026
0.0,0.0,0.707,32.0,1750781740061
0.0,0.0,0.707,32.0,1750781740162
0.0,0.0,0.718,32.0,1750781740353
0.0,0.0,0.718,32.2,1750781740455
0.0,0.0,0.728,32.2,1750781740492
0.0,0.0,0.728,32.2,1750781740542
0.0,0.0,0.728,32.2,1750781740595
0.0,0.0,0.728,32.2,1750781740641
0.0,0.0,0.728,32.2,1750781740690
0.0,0.0,0.718,32.2,1750781740745
0.0,0.0,0.718,32.2,1750781740795
0.0,0.0,0.718,32.2,1750781740842
0.0,0.0,0.718,32.2,1750781740885
0.0,0.0,0.718,32.2,1750781740937
31.75896644592285,-97.21672821044922,0.718,32.2,1750781741000
0.0,0.0,0.718,32.2,1750781741131
0.0,0.0,0.707,32.2,1750781741254
0.0,0.0,0.707,32.2,1750781741316
0.0,0.0,0.707,32.2,1750781741370
0.0,0.0,0.707,32.2,1750781741433
0.0,0.0,0.707,32.2,1750781741490
0.0,0.0,0.707,32.2,1750781741561
0.0,0.0,0.707,32.2,1750781741674
0.0,0.0,0.707,32.2,1750781741728
0.0,0.0,0.707,32.2,1750781741806
0.0,0.0,0.728,32.2,1750781741857
0.0,0.0,0.728,32.2,1750781741910
0.0,0.0,0.728,32.2,1750781741945
31.758968353271484,-97.21672821044922,0.728,32.2,1750781742000
0.0,0.0,0.728,32.2,1750781742027
0.0,0.0,0.728,32.2,1750781742119
0.0,0.0,0.728,32.2,1750781742242
0.0,0.0,0.728,32.2,1750781742371
0.0,0.0,0.728,32.2,1750781742507
0.0,0.0,0.738,32.2,1750781742565
0.0,0.0,0.738,32.2,1750781742640
0.0,0.0,0.728,32.2,1750781742719
0.0,0.0,0.728,32.2,1750781742775
0.0,0.0,0.718,32.2,1750781742874
0.0,0.0,0.718,32.2,1750781742916
0.0,0.0,0.718,32.2,1750781742958
31.75896644592285,-97.21673583984375,0.718,32.2,1750781743000
0.0,0.0,0.718,32.2,1750781743006
0.0,0.0,0.707,32.2,1750781743058
0.0,0.0,0.718,32.2,1750781743096
0.0,0.0,0.718,32.2,1750781743159
0.0,0.0,0.718,32.2,1750781743244
0.0,0.0,0.718,32.2,1750781743305
0.0,0.0,0.718,32.2,1750781743512
0.0,0.0,0.718,32.2,1750781743601
0.0,0.0,0.718,32.2,1750781743647
0.0,0.0,0.718,32.2,1750781743690
0.0,0.0,0.718,32.2,1750781743732
0.0,0.0,0.718,32.2,1750781743784
0.0,0.0,0.718,32.2,1750781743863
0.0,0.0,0.718,32.2,1750781743943
0.0,0.0,0.707,32.2,1750781743983
31.758968353271484,-97.21673583984375,0.707,32.2,1750781744000
0.0,0.0,0.707,32.2,1750781744069
0.0,0.0,0.707,32.2,1750781744168
0.0,0.0,0.707,32.2,1750781744229
0.0,0.0,0.707,32.2,1750781744343
0.0,0.0,0.707,32.2,1750781744398
0.0,0.0,0.707,32.2,1750781744458
0.0,0.0,0.707,32.2,1750781744561
0.0,0.0,0.718,32.2,1750781744705
0.0,0.0,0.718,32.2,1750781745071
0.0,0.0,0.718,32.2,1750781745222
0.0,0.0,0.718,32.2,1750781745283
0.0,0.0,0.718,32.2,1750781745392
0.0,0.0,0.718,32.2,1750781745416
0.0,0.0,0.718,32.2,1750781745559
0.0,0.0,0.718,32.2,1750781745725
0.0,0.0,0.718,32.2,1750781745823
0.0,0.0,0.718,32.2,1750781745911
0.0,0.0,0.718,32.2,1750781745957
31.758968353271484,-97.21673583984375,0.718,32.2,1750781746000
31.75896644592285,-97.21673583984375,0.718,32.2,1750781746000
0.0,0.0,0.718,32.2,1750781746005
0.0,0.0,0.718,32.2,1750781746058
0.0,0.0,0.718,32.2,1750781746106
0.0,0.0,0.718,32.2,1750781746158
0.0,0.0,0.718,32.2,1750781746207
0.0,0.0,0.718,32.2,1750781746232
0.0,0.0,0.718,32.2,1750781746269
0.0,0.0,0.718,32.2,1750781746346
0.0,0.0,0.718,32.2,1750781746423
0.0,0.0,0.728,32.2,1750781746490
0.0,0.0,0.728,32.2,1750781746540
0.0,0.0,0.728,32.2,1750781746602
0.0,0.0,0.728,32.2,1750781746697
0.0,0.0,0.718,32.2,1750781746753
0.0,0.0,0.718,32.2,1750781746812
0.0,0.0,0.718,32.2,1750781746856
0.0,0.0,0.718,32.2,1750781746907
0.0,0.0,0.718,32.2,1750781746929
0.0,0.0,0.718,32.2,1750781746991
0.0,0.0,0.718,32.2,1750781747046
0.0,0.0,0.718,32.2,1750781747124
0.0,0.0,0.718,32.2,1750781747263
0.0,0.0,0.718,32.2,1750781747323
0.0,0.0,0.718,32.2,1750781747467
0.0,0.0,0.718,32.2,1750781747641
0.0,0.0,0.718,32.2,1750781747886
0.0,0.0,0.718,32.2,1750781747943
0.0,0.0,0.707,32.2,1750781747996
31.758962631225586,-97.21673583984375,0.707,32.2,1750781748000
31.758962631225586,-97.21673583984375,0.707,32.2,1750781748000
0.0,0.0,0.707,32.2,1750781748071
0.0,0.0,0.707,32.2,1750781748115
0.0,0.0,0.707,32.2,1750781748168
0.0,0.0,0.707,32.2,1750781748254
0.0,0.0,0.707,32.2,1750781748342
0.0,0.0,0.707,32.2,1750781748388
0.0,0.0,0.707,32.2,1750781748444
0.0,0.0,0.707,32.2,1750781748489
0.0,0.0,0.707,32.2,1750781748541
0.0,0.0,0.707,32.2,1750781748590
0.0,0.0,0.718,32.2,1750781748615
0.0,0.0,0.718,32.2,1750781748652
0.0,0.0,0.718,32.2,1750781748723
0.0,0.0,0.718,32.2,1750781748820
0.0,0.0,0.718,32.2,1750781748926
0.0,0.0,0.718,32.2,1750781748976
0.0,0.0,0.718,32.2,1750781749022
0.0,0.0,0.718,32.2,1750781749073
0.0,0.0,0.718,32.2,1750781749123
0.0,0.0,0.707,32.2,1750781749185
0.0,0.0,0.707,32.2,1750781749242
0.0,0.0,0.697,32.2,1750781749357
0.0,0.0,0.697,32.2,1750781749527
0.0,0.0,0.697,32.2,1750781749649
0.0,0.0,0.697,32.2,1750781749830
0.0,0.0,0.697,32.2,1750781749940
31.758960723876953,-97.21673583984375,0.697,32.2,1750781750000
31.758960723876953,-97.21674346923828,0.697,32.2,1750781750000
0.0,0.0,0.697,32.2,1750781750002
0.0,0.0,0.697,32.2,1750781750039
0.0,0.0,0.697,32.2,1750781750091
0.0,0.0,0.697,32.2,1750781750139
0.0,0.0,0.697,32.2,1750781750190
0.0,0.0,0.697,32.2,1750781750239
0.0,0.0,0.697,32.2,1750781750290
0.0,0.0,0.697,32.2,1750781750339
0.0,0.0,0.697,32.2,1750781750390
0.0,0.0,0.697,32.2,1750781750439
0.0,0.0,0.697,32.2,1750781750490
0.0,0.0,0.697,32.2,1750781750539
0.0,0.0,0.707,32.2,1750781750590
0.0,0.0,0.707,32.2,1750781750639
0.0,0.0,0.707,32.2,1750781750690
0.0,0.0,0.707,32.2,1750781750751
0.0,0.0,0.707,32.2,1750781750790
0.0,0.0,0.707,32.2,1750781750839
0.0,0.0,0.697,32.2,1750781750891
0.0,0.0,0.707,32.2,1750781750940
0.0,0.0,0.707,32.2,1750781750990
31.758960723876953,-97.21673583984375,0.707,32.2,1750781751000
0.0,0.0,0.697,32.2,1750781751039
0.0,0.0,0.697,32.2,1750781751091
0.0,0.0,0.707,32.2,1750781751150
0.0,0.0,0.707,32.2,1750781751190
0.0,0.0,0.707,32.2,1750781751238
0.0,0.0,0.707,32.2,1750781751289
0.0,0.0,0.707,32.2,1750781751415
0.0,0.0,0.707,32.2,1750781751473
0.0,0.0,0.707,32.2,1750781751527
0.0,0.0,0.707,32.2,1750781751661
0.0,0.0,0.707,32.2,1750781751705
0.0,0.0,0.707,32.2,1750781751765
0.0,0.0,0.707,32.2,1750781751807
0.0,0.0,0.707,32.2,1750781751856
0.0,0.0,0.707,32.2,1750781751905
0.0,0.0,0.707,32.2,1750781751956
31.75895881652832,-97.21673583984375,0.707,32.2,1750781752000
0.0,0.0,0.707,32.2,1750781752005
0.0,0.0,0.707,32.2,1750781752056
0.0,0.0,0.697,32.2,1750781752105
0.0,0.0,0.697,32.2,1750781752151
0.0,0.0,0.707,32.4,1750781752207
0.0,0.0,0.707,32.4,1750781752277
0.0,0.0,0.697,32.4,1750781752330
0.0,0.0,0.697,32.4,1750781752445
0.0,0.0,0.697,32.4,1750781752490
0.0,0.0,0.697,32.4,1750781752540
0.0,0.0,0.697,32.4,1750781752589
0.0,0.0,0.697,32.4,1750781752640
0.0,0.0,0.697,32.4,1750781752689
0.0,0.0,0.697,32.4,1750781752753
0.0,0.0,0.697,32.4,1750781752789
0.0,0.0,0.697,32.4,1750781752873
0.0,0.0,0.697,32.4,1750781752941
31.758956909179688,-97.21673583984375,0.697,32.4,1750781753000
0.0,0.0,0.697,32.4,1750781753089
0.0,0.0,0.697,32.4,1750781753138
0.0,0.0,0.707,32.4,1750781753196
0.0,0.0,0.707,32.4,1750781753238
0.0,0.0,0.707,32.4,1750781753290
0.0,0.0,0.707,32.4,1750781753471
0.0,0.0,0.707,32.4,1750781753519
0.0,0.0,0.707,32.4,1750781753569
0.0,0.0,0.707,32.4,1750781753639
0.0,0.0,0.707,32.4,1750781753707
0.0,0.0,0.707,32.4,1750781753872
0.0,0.0,0.707,32.4,1750781753924
31.75895881652832,-97.21673583984375,0.707,32.4,1750781754000
0.0,0.0,0.707,32.4,1750781754043
0.0,0.0,0.697,32.4,1750781754093
0.0,0.0,0.707,32.4,1750781754151
0.0,0.0,0.697,32.4,1750781754236
0.0,0.0,0.697,32.4,1750781754299
0.0,0.0,0.707,32.4,1750781754492
0.0,0.0,0.707,32.4,1750781754541
0.0,0.0,0.707,32.4,1750781754590
0.0,0.0,0.707,32.4,1750781754640
0.0,0.0,0.707,32.4,1750781754692
0.0,0.0,0.728,32.4,1750781754775
0.0,0.0,0.728,32.4,1750781754822
0.0,0.0,0.728,32.4,1750781754875
0.0,0.0,0.728,32.4,1750781754923
0.0,0.0,0.728,32.4,1750781754974
31.758956909179688,-97.21673583984375,0.728,32.4,1750781755000
0.0,0.0,0.728,32.4,1750781755088
0.0,0.0,0.728,32.4,1750781755138
0.0,0.0,0.728,32.4,1750781755197
0.0,0.0,0.728,32.4,1750781755264
0.0,0.0,0.728,32.4,1750781755324
0.0,0.0,0.728,32.4,1750781755382
0.0,0.0,0.718,32.4,1750781755554
0.0,0.0,0.707,32.4,1750781755605
0.0,0.0,0.707,32.4,1750781755656
0.0,0.0,0.707,32.4,1750781755705
0.0,0.0,0.697,32.4,1750781755760
0.0,0.0,0.697,32.4,1750781755807
0.0,0.0,0.697,32.4,1750781755857
0.0,0.0,0.697,32.4,1750781755906
0.0,0.0,0.697,32.4,1750781755957
31.758956909179688,-97.21673583984375,0.697,32.4,1750781756000
0.0,0.0,0.697,32.4,1750781756005
0.0,0.0,0.697,32.4,1750781756094
0.0,0.0,0.686,32.4,1750781756155
0.0,0.0,0.686,32.4,1750781756247
0.0,0.0,0.697,32.4,1750781756299
0.0,0.0,0.686,32.4,1750781756463
0.0,0.0,0.697,32.4,1750781756518
0.0,0.0,0.697,32.4,1750781756563
0.0,0.0,0.697,32.4,1750781756606
0.0,0.0,0.697,32.4,1750781756658
0.0,0.0,0.697,32.4,1750781756706
0.0,0.0,0.697,32.4,1750781756794
0.0,0.0,0.686,32.4,1750781756859
0.0,0.0,0.686,32.4,1750781756906
31.758956909179688,-97.21673583984375,0.686,32.4,1750781757000
0.0,0.0,0.686,32.4,1750781757007
0.0,0.0,0.686,32.4,1750781757055
0.0,0.0,0.676,32.4,1750781757138
0.0,0.0,0.676,32.4,1750781757214
0.0,0.0,0.676,32.4,1750781757298
0.0,0.0,0.676,32.4,1750781757433
0.0,0.0,0.676,32.4,1750781757499
0.0,0.0,0.676,32.4,1750781757538
0.0,0.0,0.686,32.4,1750781757592
0.0,0.0,0.686,32.4,1750781757639
0.0,0.0,0.686,32.4,1750781757691
0.0,0.0,0.686,32.4,1750781757777
0.0,0.0,0.686,32.4,1750781757842
0.0,0.0,0.686,32.4,1750781757899
0.0,0.0,0.686,32.4,1750781757980
31.758953094482422,-97.21672821044922,0.686,32.4,1750781758000
0.0,0.0,0.686,32.4,1750781758050
0.0,0.0,0.686,32.4,1750781758116
0.0,0.0,0.686,32.4,1750781758229
0.0,0.0,0.686,32.4,1750781758282
0.0,0.0,0.686,32.4,1750781758342
0.0,0.0,0.676,32.4,1750781758396
0.0,0.0,0.676,32.4,1750781758604
0.0,0.0,0.676,32.4,1750781758654
0.0,0.0,0.676,32.4,1750781758706
0.0,0.0,0.676,32.4,1750781758759
0.0,0.0,0.676,32.4,1750781758806
0.0,0.0,0.676,32.4,1750781758855
0.0,0.0,0.676,32.4,1750781758906
0.0,0.0,0.676,32.4,1750781758954
31.758955001831055,-97.21672821044922,0.676,32.4,1750781759000
0.0,0.0,0.676,32.4,1750781759023
0.0,0.0,0.676,32.4,1750781759105
0.0,0.0,0.676,32.4,1750781759173
0.0,0.0,0.676,32.4,1750781759229
0.0,0.0,0.676,32.4,1750781759321
0.0,0.0,0.676,32.4,1750781759489
0.0,0.0,0.676,32.4,1750781759539
0.0,0.0,0.666,32.4,1750781759588
0.0,0.0,0.666,32.4,1750781759639
0.0,0.0,0.666,32.4,1750781759687
0.0,0.0,0.666,32.4,1750781759739
0.0,0.0,0.666,32.4,1750781759793
0.0,0.0,0.666,32.4,1750781759859
0.0,0.0,0.666,32.4,1750781759938
31.758955001831055,-97.21672821044922,0.666,32.4,1750781760000
0.0,0.0,0.666,32.4,1750781760009
0.0,0.0,0.666,32.4,1750781760054
0.0,0.0,0.666,32.4,1750781760175
0.0,0.0,0.666,32.4,1750781760230
0.0,0.0,0.666,32.4,1750781760290
0.0,0.0,0.655,32.4,1750781760475
0.0,0.0,0.655,32.4,1750781760532
0.0,0.0,0.655,32.4,1750781760573
0.0,0.0,0.655,32.4,1750781760624
0.0,0.0,0.655,32.4,1750781760672
0.0,0.0,0.655,32.4,1750781760725
0.0,0.0,0.655,32.4,1750781760776
0.0,0.0,0.645,32.4,1750781760830
0.0,0.0,0.645,32.4,1750781760877
0.0,0.0,0.645,32.4,1750781760955
31.75895881652832,-97.21672821044922,0.645,32.4,1750781761000
0.0,0.0,0.645,32.4,1750781761026
0.0,0.0,0.645,32.4,1750781761105
0.0,0.0,0.645,32.4,1750781761191
0.0,0.0,0.645,32.4,1750781761249
0.0,0.0,0.645,32.4,1750781761302
0.0,0.0,0.634,32.4,1750781761387
0.0,0.0,0.624,32.4,1750781761546
0.0,0.0,0.624,32.4,1750781761573
0.0,0.0,0.624,32.4,1750781761594
0.0,0.0,0.624,32.4,1750781761671
0.0,0.0,0.624,32.4,1750781761721
0.0,0.0,0.614,32.4,1750781761802
0.0,0.0,0.614,32.4,1750781761871
0.0,0.0,0.614,32.4,1750781761940
31.758962631225586,-97.21672058105469,0.614,32.4,1750781762000
0.0,0.0,0.614,32.4,1750781762021
0.0,0.0,0.614,32.4,1750781762071
0.0,0.0,0.614,32.4,1750781762145
0.0,0.0,0.614,32.4,1750781762231
0.0,0.0,0.614,32.4,1750781762283
0.0,0.0,0.614,32.4,1750781762509
